1711 3047
825 159 909 201 130

234 316 332 342 num
359 297 586 340 commoda
609 297 908 356 promovendi.
970 299 1082 342 Nam
1108 315 1274 359 semper
1297 303 1344 344 in
1368 307 1422 344 e'o
1447 313 1531 357 est,

235 390 280 420 ut
310 380 420 435 justa
442 394 541 436 erga
569 393 691 420 mmm
723 394 1027 437 efflus‘rmuque
1054 381 1327 424 veneratione
1357 397 1429 424 eos
1457 383 1535 423 im-

237 458 359 510 buat,
384 467 432 499 nt
450 457 619 516 pietatis
643 468 686 499 et
701 458 864 499 virtutis
887 457 1024 499 studia
1042 459 1087 500 in
1108 459 1280 502 illorum
1299 460 1447 503 animis
1468 476 1532 502 ex·

239 537 340 578 citet
359 546 401 578 et
420 547 588 595 augeat,
609 547 733 593 atque
753 536 963 578 felicitatis
975 524 1255 595 sempiternae
1272 554 1343 580 eos
1358 553 1534 597 capaces

242 614 405 658 reddat.
443 614 632 657 Tandem
649 615 781 657 verbo
802 614 1083 669 monendum,
1103 614 1156 657 de
1173 615 1245 657 illa
1268 616 1396 658 animi
1412 616 1534 670 dote,

241 709 366 750 quam
389 693 688 735 liberalitatem
709 693 900 735 dicimus.
956 693 1000 734 Si
1025 694 1152 752 igitur
1171 705 1413 751 quaeratur,
1434 710 1536 737 num

239 787 338 813 vere
359 771 545 814 liberalis
563 772 770 830 interpres
792 787 999 814 CALvmus
1013 773 1108 828 jure
1133 771 1218 814 dici
1239 773 1397 830 possit,
1426 773 1538 830 equi-

242 850 340 892 dem
365 849 627 909 respondeo,
655 861 697 892 et
724 851 768 892 ni
799 851 947 906 fallor,
970 866 1117 893 omnes
1143 851 1214 908 qui
1242 850 1540 910 praecedentia

241 930 454 988 legerunt,
474 930 577 971 mihi
594 931 903 972 eonsentientes
921 931 1104 984 habebo,
1123 940 1313 972 nostrum
1328 932 1539 985 universe,

244 1008 636 1072 ineinterpretandQ
656 1009 708 1050 ab
722 1009 992 1067 opinionibus
1011 1008 1305 1065 praejudicatis
1321 1009 1445 1051 fuisse
1460 1010 1539 1051 im-

242 1101 429 1129 munem.
468 1086 619 1128 Paucis
643 1087 755 1128 enim
779 1088 965 1145 exceptis
979 1119 991 1141 ,
1013 1087 1288 1145 interpretem
1301 1087 1346 1128 in
1359 1102 1411 1129 eo
1422 1086 1539 1129 vide-

243 1179 335 1206 mus
347 1196 358 1217 ,
375 1179 426 1206 ex
447 1165 586 1206 verbis
609 1165 872 1207 haurientem
889 1180 937 1207 ea
949 1196 962 1218 ,
988 1180 1095 1222 quae
1112 1181 1259 1207 revera
1274 1164 1425 1206 exinde
1443 1175 1539 1206 sunt

246 1241 510 1287 deducenda.
573 1243 622 1284 In
652 1243 758 1285 locis
785 1259 873 1285 non
904 1254 1091 1298 tantum,
1116 1244 1189 1285 ubi
1218 1258 1367 1302 parum
1389 1243 1540 1297 refert,

245 1320 345 1378 quid
373 1320 543 1376 credas,
583 1337 730 1364 verum
760 1322 806 1363 in
825 1322 1007 1365 classicis
1028 1322 1180 1376 etiam,
1212 1323 1325 1364 hunc
1351 1322 1537 1364 animum

245 1400 445 1457 patefecit
474 1416 590 1442 mere
618 1400 854 1443 liberalem.

711 1702 940 1753 CAPUT
973 1703 1078 1751 III.

247 1842 291 1865 DE
324 1841 472 1864 CALVINI
501 1837 688 1862 LINGUAET
714 1837 849 1870 STYLO,
879 1836 1042 1860 RATIONE
1068 1836 1204 1860 HABITA
1229 1837 1409 1872 CONSILH,
1442 1839 1542 1870 Quom

392 1913 458 1936 SIBI
488 1911 528 1936 IN
558 1909 843 1935 coNscmBENms
873 1908 1151 1934 COMMENTARHS
1181 1910 1398 1934 Pnoposm'r.

773 2041 983 2056 “vv——

843 2150 952 2214 §L

294 2291 541 2342 Consilium,
569 2287 684 2347 quod
699 2287 783 2330 sibi
805 2293 849 2329 in
871 2289 1186 2331 conscribendis
1206 2298 1515 2334 commentariis

776 2373 1013 2425 proposuit.

308 2490 490 2543 Relatis,
526 2503 631 2546 quae
657 2488 742 2546 egit
769 2503 1003 2542 CALvas,
1038 2499 1127 2530 tum
1154 2505 1257 2532 vero
1287 2492 1437 2546 etiam,
1473 2508 1553 2550 qua

247 2571 413 2612 ratione
434 2568 476 2609 in
503 2568 552 2608 iis
580 2577 764 2609 versatus
789 2567 894 2621 fuit,
926 2583 1150 2624 quemnam
1175 2569 1254 2612 sibi
1284 2571 1552 2628 proposuerit
