1711 3047
782 134 862 175 134

178 274 338 318 studiis.
403 274 481 314 Cui
511 273 744 315 sententiae
771 273 877 315 nihil
907 271 1039 315 demit
1070 273 1235 333 lingua,
1267 290 1350 333 qua
1380 289 1484 316 con-

181 352 327 411 scripti
355 362 451 394 sunt
485 352 807 405 commentarii3
840 351 995 393 latinae
1022 352 1134 393 enim
1158 353 1325 411 linguae
1355 369 1478 407 usus,

180 432 259 473 illis
289 431 576 490 temporibus,
611 431 774 473 cunctis
805 429 894 472 fere
926 441 1016 472 erat
1047 432 1286 473 communis
1309 430 1386 489 (1).

780 586 888 651 §2

197 748 263 788 De
291 745 441 804 linguai
468 755 512 789 et
537 746 666 803 stylo,
696 745 848 805 quibus
878 761 978 787 usus
1008 755 1097 800 est,
1128 751 1292 789 ratione
1321 745 1469 788 habita

482 824 669 877 consilii,
703 824 818 883 quod
844 824 928 866 sibi
947 829 1186 882 proposuit.

240 981 290 1022 In
322 980 623 1039 disquisitionis
659 992 830 1023 nostrae
863 980 948 1023 fine
986 992 1200 1042 superest,
1241 991 1288 1023 ut
1323 997 1492 1039 quaera-

183 1075 298 1114 mus,
325 1060 542 1117 quomodo
565 1075 771 1102 CALVINUS
794 1060 942 1101 Latine
970 1060 1203 1117 scripserit,
1236 1060 1488 1114 observatis,

185 1149 276 1179 tum
299 1139 476 1180 materia
497 1138 727 1192 librorum,
761 1148 851 1180 tum
874 1138 1051 1179 consilio
1066 1169 1091 1191 ‚,
1114 1137 1229 1194 quod
1252 1138 1296 1179 in
1321 1139 1371 1179 iis
1394 1154 1493 1180 con·

184 1215 417 1258 scribendis
448 1226 545 1257 ante
576 1216 725 1257 oculos
754 1216 915 1258 habuit.
980 1216 1184 1256 Universe
1219 1215 1416 1272 quidem,
1448 1226 1496 1257 ut

186 1311 238 1337 ex
270 1295 377 1336 locis
415 1309 542 1351 supra
579 1294 771 1351 probatis
807 1292 1043 1335 luculenter
1075 1303 1214 1351 patet,
1255 1304 1347 1335 tuto
1382 1293 1494 1335 affir-

185 1384 351 1426 matur,
383 1388 476 1413 cum
506 1372 673 1430 linguae
701 1371 874 1412 Latinae
903 1384 999 1412 eum
1025 1371 1150 1413 fuisse
1179 1372 1493 1430 peritissimum,

189 1460 275 1493 tum
305 1451 415 1492 benc
444 1450 591 1491 Latine
623 1465 719 1491 eum
744 1449 979 1507 scripsisse;
1011 1459 1197 1491 attamen
1227 1450 1372 1508 negari
1408 1465 1496 1492 non

186 1540 349 1588 potest,
380 1528 586 1570 nonnulla
616 1528 660 1568 in
693 1529 780 1584 ejus
807 1528 1122 1569 commentariis
1150 1529 1352 1582 inveniri,
1389 1544 1496 1586 quae

190 1624 279 1650 non
311 1609 370 1649 ita
402 1607 574 1665 probari
613 1608 792 1665 possint.
857 1606 941 1648 Sed
977 1623 1055 1665 per
1093 1618 1233 1665 partes
1271 1607 1411 1650 eundo
1444 1607 1497 1650 de

188 1687 239 1727 iis
272 1685 484 1738 dicamus,
518 1700 567 1727 ac
591 1690 776 1742 primum
808 1684 1024 1726 videamus
1054 1684 1107 1727 cle
1138 1686 1397 1744 singulorum
1426 1703 1498 1728 vo-

192 1765 439 1806 cabulorum
488 1779 585 1816 usu,
631 1762 783 1803 ordine
830 1773 938 1804 caet.
1003 1763 1102 1804 Non
1135 1764 1311 1820 ignoro,
1345 1764 1497 1820 stylum

191 1844 301 1885 bene
344 1843 538 1883 Latinum
582 1856 668 1881 non
716 1841 760 1881 iu
788 1840 938 1886 ‚meris
987 1840 1202 1881 vocabulis
1242 1842 1497 1896 consistere,

193 1921 266 1964 sed
288 1920 475 1979 pendere
502 1920 627 1962 etiam
651 1935 674 1960 a
696 1919 927 1961 verborum
954 1919 1293 1972 constructione,
1322 1934 1501 1961 numero

196 2000 411 2053 oratorio,
451 1999 564 2051 aliis,
600 2009 646 2039 ut
670 1999 780 2039 bene
816 1997 963 2038 Latine
996 1996 1236 2054 scripsisse,
1269 1997 1300 2039 i.
1336 2012 1375 2039 e.
1408 2013 1504 2054 per-

195 2080 360 2138 spicue,
388 2078 568 2119 suaviter
590 2087 631 2118 et
663 2076 847 2134 graviter
872 2075 1085 2133 scripsisse
1103 2107 1115 2128 ,
1146 2074 1230 2116 diei
1255 2091 1381 2117 nemo
1405 2091 1503 2133 pos-

197 2159 271 2212 sit,
296 2158 329 2199 si
357 2154 652 2198 tantummodo
678 2155 808 2196 verba
834 2156 920 2210 ejus
953 2169 1004 2195 ex
1034 2169 1274 2207 CICERONIS,
1306 2154 1502 2196 aliorum-

200 2234 282 2294 que
306 2236 451 2277 aetatis
472 2249 621 2275 aureae
651 2233 904 2289 scriptorum
934 2232 1120 2273 tabernis
1149 2232 1230 2273 sint
1261 2231 1499 2290 depromta.

197 2314 360 2356 Referri
378 2311 546 2369 quidem
564 2310 617 2352 ad
630 2312 737 2353 haec
757 2327 841 2352 non
860 2320 1035 2368 possunt
1054 2310 1255 2351 nonnulla
1272 2310 1479 2352 vocabula
1491 2342 1502 2364 ,

235 2512 287 2553 (l)
312 2511 374 2542 eff.
394 2508 559 2540 Praefatio
575 2517 712 2548 operum
728 2516 877 2537 turum
902 2516 978 2548 pag.
1002 2506 1061 2538 lv.
1079 2508 1113 2536 et
1137 2505 1344 2547 Repereorti
1364 2516 1381 2537 a
1404 2515 1510 2536 otna-

321 2575 447 2596 nonno
470 2564 553 2594 editi
575 2564 650 2596 vol.
676 2562 780 2598 xm,
810 2573 886 2603 pars
913 2563 946 2592 la
970 2562 1049 2593 nuni
1077 2560 1176 2592 1837.
