1711 3047
847 152 902 193 58

225 303 438 355 νηστεύσας
471 294 682 354 explicans
701 309 709 335 :
746 309 768 334 a
799 293 897 335 cibo
916 301 957 333 et
973 301 1078 349 potu
1095 308 1138 334 se
1155 293 1353 334 abstinuit
1377 294 1461 350 (ι),
1481 304 1521 334 et

225 392 321 419 Lon.
342 377 394 430 ΙΙ,
419 391 436 416 1
449 391 485 418 1.
506 389 634 432 quum
648 388 732 416 vox
744 375 886 428 σωτὴρ,
904 381 1009 413 teste
1020 386 1253 426 cmERONE,
1270 370 1381 430 apud
1397 370 1524 413 Grae·-

222 471 295 498 cos
317 455 409 513 plus
430 453 658 512 exprimat,
687 466 812 509 quam
835 450 1031 492 Latinum
1052 450 1260 503 Servator,
1293 450 1520 491 barbarum

222 533 422 592 praetulit
451 546 611 574 nomen
639 530 831 572 Salvator
850 528 930 587 (2).

278 613 416 654 Porro
463 608 856 660 animadvertimus,
909 620 1131 648 cALvmum
1182 606 1523 663 perspicuitatem

220 699 430 732 sectatum
465 703 575 741 esse;
615 687 773 729 etenim
804 685 921 727 nulla
951 684 1164 727 invenitur
1193 683 1419 726 verborum
1451 700 1522 742 pe-

219 767 386 821 riodus,
427 765 528 823 quin
568 781 642 807 sua
680 779 768 807 sese
809 764 1108 822 perspicuitate
1149 761 1442 816 commendet,
1478 763 1524 803 in

218 847 446 889 verborum
479 860 570 887 non
597 854 762 886 tantum
787 843 1127 896 constructione,
1160 857 1306 884 verum
1336 841 1462 883 etiam
1477 841 1523 881 in

218 940 361 967 rerum
392 923 666 982 expositione.
732 920 861 974 Quod
888 936 940 963 eo
970 920 1100 978 magis
1125 920 1279 961 mirum
1310 919 1363 960 sit
1394 933 1522 976 opor—

218 1013 306 1058 tet,
345 1002 545 1060 quoniam
577 999 683 1043 illud
715 1000 1025 1059 perspicuitatis
1057 997 1241 1040 studium
1273 997 1522 1055 plerumque

222 1097 385 1124 summa
403 1096 500 1123 cum
516 1080 723 1123 brevitate
741 1089 802 1121 est
821 1080 1111 1134 conjunctum3
1133 1077 1192 1118 sic
1211 1090 1376 1118 MATTH.
1392 1076 1432 1129 I,
1452 1075 1518 1118 18.

220 1180 237 1196 »
248 1160 460 1204 συνελθεῖν
481 1168 602 1200 notat
621 1158 745 1199 simul
766 1157 980 1209 habitare,
1004 1166 1052 1196 ut
1069 1155 1245 1196 domum
1264 1165 1307 1196 et
1320 1154 1524 1195 familiam

222 1253 378 1280 »unam
399 1237 588 1279 efficiant
607 1237 780 1277 maritus
800 1245 843 1276 et
859 1233 986 1275 uxor”
1003 1233 1066 1290 (3)
1088 1249 1099 1286 3
1135 1247 1301 1276 MATTH.
1334 1232 1416 1286 VI,
1457 1231 1523 1274 13.

221 1322 292 1377 τοῦ
313 1322 491 1374 πονηροῦ
521 1314 701 1372 »exponi
724 1312 952 1355 commode
973 1321 1114 1369 potest
1140 1311 1194 1352 de
1213 1310 1410 1368 peccato”
1433 1309 1521 1368 (4);

222 1395 326 1450 VH,
382 1411 456 1439 22.
499 1397 848 1450 προεφητεϋσαμεν
891 1388 1126 1447 significare
1166 1389 1256 1442 ait,
1295 1389 1413 1446 fungi
1448 1387 1525 1430 do·

224 1473 351 1516 cendi
371 1472 515 1515 officio
536 1471 613 1528 (5).
658 1471 722 1511 Ex
747 1468 901 1511 eodem
918 1467 1226 1525 perspicuitatis
1247 1466 1386 1508 studio
1405 1482 1527 1524 repe-

224 1552 424 1606 tendum,
456 1549 573 1608 quod
606 1547 784 1591 subinde
814 1556 982 1600 monet,
1015 1561 1096 1603 qua
1117 1545 1281 1587 ratione
1310 1544 1377 1599 id,
1412 1544 1524 1602 quod

223 1634 362 1675 verbis
390 1630 626 1683 indicatur,
659 1628 751 1670 fieri
776 1626 909 1685 possit
935 1625 1003 1667 vel
1031 1623 1210 1667 debeat:
1234 1641 1272 1667 e.
1296 1640 1336 1668 c.
1358 1639 1523 1667 MAr'rrt.

225 1711 307 1766 VI,
332 1726 398 1753 10.
422 1710 576 1754 ἐλθέτω
596 1713 622 1763 ἡ
641 1707 827 1766 βασιλεία
846 1722 931 1749 σου.
964 1704 1181 1762 »Regnare
1203 1704 1315 1745 inter
1334 1704 1528 1745 homines

226 1790 407 1832 »dicitur
440 1789 576 1840 Deus,
621 1801 749 1843 quum
791 1798 917 1826 carne
950 1798 1025 1824 sua
1063 1783 1140 1823 sub
1171 1784 1320 1839 jugum
1356 1780 1529 1822 redacta

226 1879 297 1911 »et
326 1869 409 1910 suis
449 1865 750 1924 cupiditatibus
786 1862 926 1904 valere
960 1860 1102 1917 jussis,
1143 1859 1206 1900 illi
1239 1874 1283 1900 se
1315 1857 1524 1916 regendos

226 1948 365 1990 »ultro
388 1944 582 1988 tradunt’'
604 1943 667 2001 (6)
685 1959 697 1996 ς
719 1956 882 1984 ΜΑΤΤΗ.
907 1938 1069 1993 XXIV,
1100 1954 1170 1981 20.
1190 1939 1263 1983 ἵνα
1283 1941 1337 1992 μὴ
1360 1938 1528 1992 γένηται

227 2033 252 2082 ἡ
280 2029 386 2081 φυγὴ
415 2027 529 2080 ὑμῶν
559 2025 753 2081 χειμῶνος
779 2020 880 2076 μηδὲ
911 2022 1129 2077 σαββάτῳ,
1164 2033 1243 2059 »ne
1275 2016 1528 2060 scilicetfes-

232 2105 509 2147 »tinationem
535 2102 602 2144 vel
629 2100 802 2159 religio,
841 2098 911 2141 vel
937 2097 1098 2140 itineris
1127 2096 1325 2156 asperitas
1356 2106 1399 2139 et
1432 2096 1527 2138 bre-

267 2304 323 2348 (1)
345 2305 410 2336 Cff.
437 2311 626 2340 nscnon,
654 2309 841 2332 nurzscmz
867 2300 902 2331 et
928 2307 1122 2330 ozsluusmv
1147 2298 1188 2330 ad
1211 2297 1246 2329 h.
1272 2298 1296 2330 1.

268 2361 319 2404 (2)
346 2360 398 2392 Cf.
427 2367 576 2390 enorum
603 2355 644 2388 ad
668 2356 706 2389 h.
731 2356 757 2388 l.

269 2417 322 2459 (3)
346 2416 409 2448 Cff.
426 2424 510 2445 nEzA
524 2435 534 2453 ,
559 2423 708 2444 enonas
723 2434 733 2450 ‚
751 2420 901 2442 xnmom,
917 2433 926 2450 ‚
943 2419 1129 2442 rmrzscmz
1144 2411 1179 2442 et
1193 2419 1387 2442 ozsnAusEu
1401 2408 1442 2442 ad
1455 2409 1531 2444 h.l.

269 2471 322 2514 (4)
347 2470 410 2503 eff.
437 2478 585 2500 enonas
610 2470 647 2500 et
671 2477 860 2498 rm‘rzscmz
887 2465 928 2498 ad
950 2465 987 2498 h.
1013 2465 1037 2498 l.

269 2526 320 2568 (5)
343 2526 395 2558 Cf.
421 2533 574 2556 mmmm
598 2525 633 2556 et
653 2533 806 2555 mmmm
831 2521 1009 2564 Berqrede
1033 2519 1074 2553 ad
1102 2521 1137 2552 h.
1167 2522 1191 2552 l.

269 2583 322 2626 (6)
346 2583 408 2617 cff.
435 2591 587 2614 umunu
613 2581 636 2613 1.
663 2581 687 2612 1.
715 2582 749 2613 et
774 2588 966 2612 omnium«
991 2577 1031 2610 ad
1053 2576 1089 2608 h.
1115 2577 1138 2607 l.
