1711 3047
827 154 883 196 72

214 305 303 333 »sus
333 290 507 349 ponitur
541 292 632 334 sine
654 291 881 351 regimine,
920 291 1247 339 subaudiendam
1275 312 1363 341 esse
1390 312 1509 357 prae-

215 370 519 428 »positionem,
561 386 585 414 a
620 387 703 430 qua
735 373 924 432 regatur’'
953 373 1032 433 (1).
1094 376 1185 419 Nec
1220 387 1404 434 tantum,
1435 379 1508 420 ubi

214 449 346 490 verba
377 448 574 505 deerant,
605 449 651 491 id
677 451 951 510 significavit3
984 453 1104 495 verbi
1135 455 1261 497 etiam
1292 455 1508 498 abundan-

214 527 318 568 tiam
332 558 344 581 ‚
379 542 507 585 quam
522 528 813 587 pleonasmum
828 541 1008 585 vocant,
1036 530 1262 587 indicavit,
1286 544 1409 591 atque
1427 534 1507 589 ita,

213 604 329 662 quod
366 605 660 649 difficultatem
696 618 880 666 pareret,
917 609 1107 663 sustulit,
1146 625 1310 654 MATTH.
1351 610 1419 666 V,
1462 627 1505 655 2.

212 685 284 726 καὶ
312 685 480 735 ἀνοίξας
511 686 558 728 τὸ
594 687 722 740 στόμα
757 687 895 729 αὑτοῦ.
972 685 1079 728 »Hic
1116 686 1383 746 pleonasmus
1420 689 1508 732 He-

210 760 429 803 »braicam
463 762 635 820 phrasin
667 764 835 821 resipit,
873 778 973 806 nam
1008 764 1125 823 quod
1154 766 1200 809 in
1232 767 1323 808 aliis
1357 766 1509 826 linguis

207 839 430 882 »vitiosum
468 840 603 894 foret,
646 841 849 883 Hebraeis
884 843 1033 884 tritum
1070 843 1156 886 est'’
1190 843 1268 903 (2).
1328 844 1504 904 Saepius

206 917 337 959 etiam
374 928 519 961 noster
554 930 864 962 commemorat
899 919 1097 979 figuram,
1134 938 1259 980 quam
1292 922 1398 965 dixit
1433 923 1508 981 hy·

209 995 426 1053 pallagen,
446 1011 485 1039 e.
506 1012 544 1038 c.
563 1012 685 1040 JOAN.
703 998 746 1052 I,
774 1001 839 1051 14.
858 998 1011 1056 πλήρης
1028 1006 1186 1057 χάριτος
1203 1004 1273 1044 καὶ
1294 1002 1506 1057 ἄληθέιας.

208 1076 306 1116 Act.
327 1074 370 1128 I,
405 1073 476 1118 25.
508 1081 578 1130 τῆς
603 1077 813 1126 διακονίας
840 1079 909 1120 καὶ
937 1079 1176 1132 ἀποστολῆς.
1210 1078 1311 1133 VII,
1348 1094 1413 1122 10.
1437 1082 1508 1123 καὶ

208 1153 358 1196 ἔδωκεν
391 1154 502 1209 οἷυτῷ
534 1158 651 1210 χάριν
686 1157 756 1197 καὶ
788 1156 949 1208 σοφίαν.
990 1156 1050 1207 X,
1093 1156 1164 1199 38.
1199 1157 1352 1213 ἔχρισεν
1380 1159 1508 1203 ἀνι-ὸν

207 1234 231 1273 o‘
252 1231 348 1281 θὲος
367 1236 567 1286 πνεύματι
588 1233 694 1288 ἁγίῳ
715 1235 784 1275 καὶ
807 1233 988 1288 δυνάμει.
1007 1232 1134 1287 XIII,
1163 1232 1234 1277 52.
1261 1234 1508 1291 ἐπληροῦντο

207 1315 335 1366 χαρᾶς
365 1312 435 1353 καὶ
468 1316 696 1365 πνεύματος
721 1312 855 1364 ἁγίου.
917 1310 1027 1364 Quia
1056 1326 1160 1353 vero
1194 1312 1415 1372 hypallage
1442 1324 1506 1356 est

207 1387 415 1444 ejusmodi
442 1389 710 1446 transpositio
731 1404 910 1443 vocum,
938 1404 1019 1446 qua
1041 1389 1113 1430 uni
1137 1389 1354 1445 tribuitur,
1389 1390 1505 1449 quod

207 1466 481 1508 tribuendum
505 1477 611 1508 esset
633 1467 775 1520 alteri,
807 1482 983 1520 vereor,
1014 1477 1062 1508 ut
1082 1477 1278 1510 accurate
1308 1484 1400 1511 eam
1431 1484 1504 1528 ap·

202 1544 441 1602 pellaverit,
462 1545 715 1600 existimans,
737 1560 830 1587 eam
849 1560 936 1587 esse
954 1544 1192 1600 dicendam,
1213 1560 1318 1603 quae
1336 1562 1360 1588 a
1376 1545 1504 1589 Grae-

203 1623 263 1664 cis
299 1625 345 1668 ἓν
385 1625 454 1667 διὰ
495 1624 610 1668 δυοῖν
646 1624 904 1667 nominatur.
967 1622 1053 1666 Sed
1083 1622 1308 1666 discrimen
1340 1635 1504 1667 tantum

204 1712 367 1759 spectat
398 1702 462 1748 rei
498 1701 914 1755 denominationem,
961 1717 1041 1743 nec
1077 1700 1176 1744 ideo
1213 1702 1326 1743 tollit
1364 1718 1500 1746 usum.

203 1778 315 1820 Nam
339 1778 577 1820 adhibenda
598 1780 677 1820 hac
702 1779 886 1819 formula
907 1793 1032 1836 supra
1056 1777 1221 1820 laudata
1255 1780 1352 1820 loca
1382 1790 1500 1822 recte

204 1856 410 1914 exposuit.
441 1857 585 1898 Restat
607 1866 696 1897 tum
715 1855 1047 1910 anacolouthon,
1068 1871 1148 1913 qua
1170 1856 1385 1913 sequentia
1406 1872 1502 1899 cum

203 1934 554 1993 praecedentibus
596 1949 684 1975 non
727 1934 837 1975 bene
877 1934 1106 1975 cohaerere
1145 1932 1347 1974 indicavit
1386 1949 1424 1976 e.
1462 1949 1500 1976 0.

203 2028 328 2055 JOAn.
352 2013 432 2067 VI,
460 2028 529 2055 22.
561 2013 680 2067 ῖδά·ν,
711 2013 775 2054 ὃτι
803 2029 841 2054 κ.
865 2029 900 2054 τ.
924 2011 961 2054 λ.
984 2010 1067 2068 (3),
1098 2021 1188 2052 tum
1213 2011 1502 2069 hyperbaton,

204 2092 304 2133 Act.
322 2092 386 2145 X,
417 2091 487 2135 36.
511 2107 594 2149 quo
612 2091 713 2133 loco
734 2106 822 2131 non
840 2090 998 2131 alienus
1016 2099 1078 2131 est
1097 2090 1151 2131 ab
1175 2090 1398 2148 opinione,
1422 2091 1503 2147 qua

205 2171 276 2213 τὸν
293 2170 414 2222 λόγον
431 2169 484 2210 ad
500 2170 675 2212 verbum
693 2169 829 2211 οἴδατε
845 2168 956 2209 Sect.
971 2167 1042 2224 37.
1054 2167 1222 2221 referat,
1241 2178 1310 2209 »et
1325 2177 1503 2225 propter

204 2247 458 2289 »sententiae
474 2247 744 2304 hyperbaton
760 2243 874 2286 aliud
896 2243 1084 2288 additum
1107 2259 1194 2286 esse
1212 2258 1370 2286 nomen
1395 2244 1502 2285 exis-

541 2380 612 2387 -—

241 2456 295 2498 (1)
319 2456 372 2489 Cf.
399 2465 550 2487 numum.
575 2455 617 2489 ad
640 2455 677 2490 h.
703 2456 728 2488 1.

241 2513 293 2555 (2)
321 2514 384 2546 eff.
413 2523 579 2544 mscrron
604 2515 640 2544 et
665 2523 850 2544 nurzscnn
876 2512 917 2544 ad
940 2512 975 2543 h.
1001 2512 1028 2544 l.

241 2571 293 2610 (3)
319 2570 380 2603 eff.
408 2581 516 2611 ΒΗΛ,
544 2580 719 2610 numum,
746 2580 874 2608 Lucu,
905 2579 1058 2600 τηοιυαις
1083 2571 1116 2601 et
1141 2579 1332 2601 otsuAnszn
1357 2570 1398 2602 ad
1419 2570 1454 2603 h.
1482 2570 1504 2601 Ι.
