1711 3047
825 255 875 292 29

208 367 529 407 animadvertitur
555 380 574 403 a
603 365 859 418 Savignio,
893 362 931 415 l)
958 364 1024 414 qui
1054 362 1169 413 hujus
1207 364 1262 401 rei
1291 362 1389 400 hanc
1418 377 1481 400 ra-

206 450 352 488 tionem
378 449 513 486 affert:
545 447 712 495 scilicet,
740 455 782 484 ut
807 459 896 498 ager
921 444 1121 496 vectigalis
1146 444 1195 482 ad
1210 458 1380 482 normam
1402 444 1482 496 agri

206 531 356 585 publici
391 530 620 568 constitutus
660 529 726 576 sit,
769 527 878 576 eujus
909 526 1092 580 possessio
1123 525 1252 564 adesse
1291 526 1481 563 existima-

206 612 319 650 batur
334 642 344 660 ,
373 610 477 663 quod
502 611 613 648 etiam
635 609 685 647 ad
712 624 840 661 agrum
868 608 1094 659 vectigalem
1120 617 1246 661 postea
1280 615 1480 644 extensum

207 702 274 731 est.
331 691 541 729 Interdicta
562 692 715 743 propria
743 700 868 728 autem
896 689 936 742 2)
965 690 1223 743 Emphyteuta
1240 704 1318 728 non
1345 688 1481 736 habet,

207 773 275 811 sed
309 774 466 811 omnino
507 774 674 811 actiones
713 773 761 810 ad
789 773 989 810 servitutes
1027 771 1333 824 persequendas,
1363 785 1480 821 quum

204 855 392 906 scriptum
420 855 486 891 sit:
528 869 544 887 ‹<
562 855 615 900 ei,
644 854 708 904 qui
736 854 889 906 pignori
925 855 1091 892 fundum
1118 853 1290 905 accepit,
1320 867 1399 890 non
1426 862 1481 890 est

210 949 228 968 «
242 935 420 984 iniquum
449 934 582 971 utilem
602 935 826 986 petitionem
855 936 1050 973 servitutis
1077 935 1186 981 dari,
1217 935 1328 971 sicuti
1359 934 1480 986 ipsius

208 1014 356 1052 «fundi
400 1015 506 1052 utilis
539 1016 674 1067 petitio
716 1015 840 1053 datur.
899 1015 1005 1054 Idem
1045 1016 1187 1073 servari
1223 1017 1406 1054 convenit
1443 1025 1479 1054 et

208 1110 225 1130 α
243 1098 284 1134 in
312 1111 353 1135 eo
369 1127 378 1144 ,
409 1095 458 1134 ad
482 1111 593 1147 quem
617 1096 817 1148 vectigalis
843 1097 990 1135 fundus
1013 1097 1191 1149 pertinet.
1211 1113 1229 1132 n
1264 1096 1305 1149 3)
1350 1097 1476 1135 Etiam

207 1179 408 1216 Actionem
433 1180 563 1229 Aquae
591 1177 747 1230 pluviae
769 1178 976 1227 arcendae,
1004 1178 1044 1230 4)
1066 1180 1178 1217 sicuti
1206 1179 1320 1217 etiam
1347 1179 1480 1218 Actio-

203 1274 289 1298 nem
314 1260 470 1297 Finium
486 1259 767 1312 regundorum,
784 1259 824 1312 5)
846 1262 1046 1300 Actionem
1072 1261 1120 1299 de
1146 1262 1346 1300 Communi
1371 1262 1479 1300 divi-

201 1340 362 1388 dundo,
391 1350 427 1378 et
453 1342 652 1380 Actionem
679 1341 860 1380 Familiae
885 1343 1134 1382 erciscundae
1154 1342 1194 1395 6)
1220 1343 1479 1396 Emphyteuta

200 1422 328 1461 habet.
358 1421 399 1474 7)

252 1628 280 1666 l)
332 1629 440 1659 Rccht
465 1628 523 1658 des
550 1629 702 1658 Besitzes.
731 1630 746 1669 gx*
771 1629 801 1661 9.
828 1630 843 1671 §x
869 1628 923 1660 12.
949 1641 977 1660 a.

246 1689 278 1730 2)
333 1692 441 1721 Recht
467 1691 524 1720 des
552 1685 705 1722 Besitzes.
731 1691 747 1731 ᾖ
773 1690 826 1722 47.

243 1751 278 1792 3)
332 1754 404 1784 Lex.
432 1751 483 1784 16.
512 1753 584 1792 Dig.
611 1753 651 1783 de
678 1753 914 1785 Sei-vitutibus.

244 1813 276 1854 4)
326 1816 398 1845 Lex.
425 1813 478 1846 23.
505 1815 520 1856 &5
545 1813 575 1845 1.
603 1816 673 1855 Dig.
701 1816 741 1846 de
768 1816 861 1856 Aqua
887 1820 921 1846 et
946 1817 1040 1857 Aqua
1066 1818 1179 1858 pluvia
1203 1820 1357 1850 arcenda.

243 1876 277 1917 5)
326 1878 372 1908 Cf.
400 1878 472 1908 Lex.
501 1875 531 1909 4.
558 1878 574 1918 gi
599 1877 629 1909 9.
656 1878 728 1917 Dig.
757 1879 887 1908 Finium
912 1880 1152 1918 regundorum.

241 1938 276 1979 6)
332 1941 378 1970 Cf.
406 1940 468 1972 lex.
494 1938 525 1970 7.
553 1941 624 1979 Dig.
651 1941 692 1970 de
720 1941 898 1973 Communi
931 1942 1126 1974 dividundo.
1156 1943 1206 1976 Cf.
1233 1945 1296 1975 lex.
1325 1944 1378 1978 10.
1401 1947 1473 1987 Dig.

197 2001 308 2032 Famil.
336 2002 565 2032 erciscundae.

244 2062 278 2102 7)
328 2064 377 2096 Cf.
405 2064 536 2104 Gliick,
563 2065 651 2094 Tom.
667 2064 698 2094 8.
723 2074 738 2106 9
760 2064 842 2097 603.
870 2066 1070 2107 Gesterding
1087 2079 1163 2109 ,ομ
1192 2069 1271 2109 cit..
1294 2080 1368 2112 pag.
1395 2069 1472 2103 423.

200 2126 244 2156 Cs.
273 2125 425 2165 Tollen-⁶3,
453 2127 533 2156 Diss.
563 2137 635 2167 pag.
662 2126 716 2157 28.
