1711 3047
824 152 902 192 136

210 311 308 351 ego,
345 302 387 333 ta
415 302 523 333 caet.
554 291 914 348 praepositionum
943 307 995 345 a,
1030 307 1105 345 ex,
1136 292 1210 345 cle,
1246 292 1300 334 al.
1337 303 1379 334 et
1410 293 1506 335 illo·

208 390 302 416 rum
332 372 666 424 vocabulorum,
702 385 806 427 quae
838 369 962 411 facile
1002 385 1053 411 ex
1092 379 1293 411 contextu
1326 371 1505 429 intelligi

207 452 392 510 possint,
422 466 461 493 e.
488 466 527 493 c.
562 449 678 491 vocis
694 449 932 501 hominum,
968 448 1207 501 Mosaicae,
1240 448 1312 489 ubi
1345 450 1505 490 mentio

206 530 391 586 injicitur
411 529 531 587 legis.
596 526 785 568 Tandem
811 527 918 568 lianc
944 525 1113 567 dicendi
1136 527 1388 569 brevitatem
1421 528 1507 569 ani-

207 607 507 650 madvertimus
540 607 586 647 in
618 605 939 664 participiorum
971 619 1047 645 usu
1080 619 1120 647 e.
1150 619 1188 647 c.
1213 604 1258 645 in
1283 604 1506 662 prooemio

207 687 261 728 ad
298 702 396 728 Luc.
435 687 476 739 I,
521 684 606 727 1-5.
649 712 701 717 —
743 684 821 724 sed
853 683 996 741 officio
1031 699 1106 724 sao
1137 684 1228 738 jam
1253 684 1508 740 frangentem

208 766 434 817 inducunt5
470 762 522 804 ad
556 778 655 804 mic.
687 763 731 815 Ι,
770 761 808 803 5.
832 777 981 814 -ηε,
1010 766 1161 819 paucis
1194 770 1321 803 totum
1360 777 1509 803 munus

207 844 267 886 ad
296 860 341 885 se
382 842 667 895 trahentibus,
709 843 847 897 major
870 855 978 897 pars
1010 845 1145 881 otiosa
1184 839 1298 881 domi
1329 841 1508 884 sederet.

208 923 354 980 Neque
389 933 556 975 tamen,
589 922 670 963 hac
704 919 810 961 adeo
845 918 1046 961 laudabili
1079 919 1299 960 scribentis
1330 907 1507 973 virtute,

208 1001 357 1043 incidit
395 1001 440 1042 in
479 999 762 1058 ambiguitatis
800 1009 841 1040 et
877 997 1144 1039 obscuritatis
1182 997 1355 1051 vitium,
1395 997 1509 1055 quod

209 1096 295 1122 non
339 1095 436 1121 raro
481 1094 576 1120 cum
617 1077 833 1119 brevitatis
872 1075 1012 1116 studio
1052 1078 1244 1131 junctum
1283 1077 1506 1133 reperitur.

209 1158 320 1200 Nam
346 1157 635 1215 perspicuitati
657 1171 822 1212 semper
848 1154 1005 1195 studuit
1033 1169 1254 1196 CALVINUS.
1317 1155 1510 1212 Singulo-

210 1252 305 1278 rum
328 1236 524 1277 locorum
547 1249 715 1275 sensum
741 1243 782 1274 et
809 1231 1179 1289 significationem,
1205 1233 1349 1289 paucis
1373 1234 1512 1274 verbis

211 1316 270 1357 ita
310 1312 455 1366 tradit,
494 1323 542 1353 ut
577 1311 692 1352 nulla
728 1311 782 1352 sit
817 1309 1088 1367 ambiguitas3
1126 1309 1350 1366 effecitque
1384 1309 1510 1366 adeo,

212 1403 258 1436 et
285 1408 426 1435 rerum
460 1406 648 1444 causam,
689 1388 1002 1441 conditionem,
1038 1388 1235 1443 modum,
1267 1399 1431 1447 tempus
1460 1390 1513 1432 al.

213 1468 517 1530 significando,
556 1477 599 1510 et
642 1483 708 1509 res
750 1466 1000 1508 illustrando
1040 1467 1260 1525 exemplis,
1297 1483 1515 1526 compara-

216 1551 424 1602 tionibus,
444 1559 490 1589 ut
506 1547 630 1589 facile
646 1546 951 1605 intelligamUS,
973 1561 1078 1602 quae
1101 1547 1309 1587 habentur
1329 1547 1374 1588 in
1398 1547 1514 1589 libris

215 1630 271 1673 N.
308 1629 358 1671 T.
394 1627 628 1679 historicis,
670 1636 793 1682 atque
826 1625 869 1665 in
907 1624 1167 1678 dicentium,
1206 1625 1512 1679 scribentium,

216 1708 428 1766 agentium
450 1716 636 1747 mentem
657 1720 735 1745 nos
754 1704 918 1762 penitus
939 1704 1150 1745 insinuare
1175 1704 1457 1760 possimuSLe.
1477 1720 1514 1746 c.

217 1801 382 1828 MATTH.
415 1783 600 1835 XXVII,
639 1782 709 1824 33.
739 1783 834 1822 Act.
858 1781 957 1833 VII,
988 1780 1058 1821 30.
1085 1781 1137 1821 al.
1199 1780 1389 1822 Tandem
1410 1780 1517 1823 duae

217 1862 429 1907 notandae
446 1872 541 1903 sunt
560 1859 728 1902 dicendi
748 1860 942 1912 virtutes,
973 1874 1158 1900 CALvmo
1180 1859 1324 1916 privae
1347 1874 1397 1900 ac
1417 1874 1517 1916 pro·

219 1944 361 2001 priae3
397 1955 571 1997 quarum
608 1938 739 1979 altera
776 1937 961 1978 cernitur
996 1937 1041 1977 in
1077 1936 1245 1978 dicendi
1283 1936 1514 1990 facilitate,

221 2036 303 2078 qua
321 2019 460 2077 potuit
485 2032 630 2058 omnes
653 2015 766 2056 ideas
793 2015 916 2055 facile
936 2015 1168 2072 exprimere
1189 2015 1345 2068 verbis,
1378 2013 1514 2071 quod,

221 2098 362 2141 multis
398 2095 588 2138 adductis
622 2093 848 2151 exempliS,
883 2093 1058 2150 probari
1095 2092 1248 2149 possit,
1287 2092 1372 2134 vid.
1411 2108 1449 2135 e.
1476 2108 1515 2135 e.

222 2177 276 2220 ad
313 2191 435 2218 JOAN.
475 2175 557 2225 ΙΙΙ,
598 2173 640 2220 6.
684 2172 814 2213 altera
851 2171 896 2211 in
938 2169 1107 2211 dicendi
1152 2170 1378 2227 gravitate3
1421 2186 1520 2212 nam

220 2258 280 2298 ita
311 2265 497 2297 versatus
532 2262 592 2293 est
625 2251 667 2292 in
706 2248 964 2307 exponendis
998 2250 1121 2290 rebus
1158 2249 1407 2306 gravissimis
1427 2281 1439 2302 ,
1475 2260 1521 2291 ut

222 2348 367 2393 graves
390 2347 457 2374 eas
480 2346 567 2372 esse
594 2344 693 2371 vere
722 2337 944 2385 appareat,
978 2326 1084 2368 adeo
1108 2337 1153 2367 ut
1175 2327 1405 2367 lectoribus
1433 2343 1519 2368 nou

222 2423 386 2456 tantum
422 2410 548 2468 plene
584 2405 883 2466 persuadeatur
919 2405 972 2447 de
1009 2405 1223 2463 religionis
1264 2405 1521 2447 Christianae

223 2489 503 2550 praestantia,
531 2485 605 2528 sed
627 2485 796 2526 illorum
821 2500 987 2542 quoque
1019 2484 1179 2525 animus
1202 2484 1415 2525 imbuatur
1437 2493 1522 2526 tum

223 2569 407 2612 veritatis
430 2565 679 2621 virtutisque
707 2578 877 2616 amore,
921 2572 1003 2604 tum
1032 2561 1241 2604 mendacii
1276 2562 1523 2619 impietatis-
