1711 3047
322 323 452 348 (2141,le
459 322 508 346 US.

272 437 352 469 Luc.
386 435 412 468 1.
446 436 475 468 l.
509 436 635 477 Quoni-

226 507 278 528 am
291 497 479 539 complures
490 497 636 538 aggressi

224 560 306 588 sunt
341 560 523 589 contexere
557 569 637 589 uar-

228 617 392 649 rationem
431 627 544 648 earum
580 627 636 648 re-

225 687 314 715 rum,
331 687 417 717 quae
430 679 543 708 certae
558 680 637 708 sunt

225 738 314 768 inter
341 747 403 767 nos
429 736 525 769 fidei:

271 796 307 828 2.
345 797 452 827 Sicuti
486 796 634 828 tradide-

223 860 305 890 runt
332 857 430 889 nobis
453 858 494 889 ab
515 858 634 897 initio,

225 919 285 960 qui
317 918 386 949 suis
409 918 517 949 oculis
544 918 638 950 vide-

225 981 303 1010 rant
327 982 362 1009 et
393 979 539 1009 ministri
562 979 637 1009 suc-

226 1041 302 1071 rant
327 1039 512 1079 sermonis;

272 1099 308 1131 3.
334 1099 450 1131 Visum
470 1103 521 1130 est
536 1099 635 1130 etiam

225 1157 326 1196 mihi,
344 1157 497 1188 omnibus
513 1157 554 1187 ab
571 1157 635 1187 ini-

225 1217 274 1248 tio
299 1220 416 1248 exacte
431 1217 636 1259 pervestiga-

224 1278 283 1317 tis,
300 1277 459 1319 deinceps
476 1277 537 1308 tibi
551 1277 636 1308 scri-

223 1337 328 1376 here,
368 1338 494 1379 optime
525 1337 635 1368 Theo-

227 1397 343 1440 phile,

271 1457 306 1489 4.
331 1458 376 1490 Ut
396 1468 556 1498 agnoscas
573 1469 636 1489 eo-

225 1529 299 1550 rum
313 1539 324 1557 ‚
343 1518 384 1550 de
400 1519 522 1559 quibus
533 1518 636 1549 edoc-

226 1582 282 1612 tus
308 1579 427 1620 fuisti,
455 1578 639 1611 certitudi-

227 1651 318 1672 nem.

274 1701 330 1734 18.
357 1701 398 1732 Et
423 1700 507 1732 dixit
533 1701 569 1733 Z.
597 1700 638 1732 ad

224 1761 413 1801 Angelum:
450 1760 539 1792 unde
569 1760 636 1791 hoc

226 1822 454 1862 cognoscam?

273 1882 328 1913 19.
363 1883 404 1913 Et
432 1880 636 1923 respondens

225 1942 375 1983 Angelus
395 1941 479 1972 dixit
497 1941 548 1974 eie
574 1952 636 1982 ego

226 2012 299 2034 sum
318 2002 477 2040 Gabriel,
493 2002 550 2043 qui
563 2004 636 2033 asto

226 2073 338 2095 coram
351 2064 433 2101 neo,
450 2063 638 2103 missusque

226 2133 319 2161 sum,
343 2126 383 2154 ut
401 2123 520 2164 loquar
541 2123 582 2154 ad
604 2125 638 2154 te

227 2186 264 2216 et
289 2184 373 2216 haec
402 2184 463 2215 tibi
493 2194 639 2224 evange-

227 2244 337 2277 lisem.

273 2304 393 2336 Matth.
415 2304 456 2336 V.
475 2304 506 2335 l.
531 2304 639 2344 Quum

228 2363 367 2395 vidisset
387 2366 497 2395 autem
518 2364 550 2396 J.
568 2366 641 2394 tur-

231 2424 289 2456 bas
301 2447 311 2463 ,
328 2424 480 2456 ascendit
495 2425 529 2455 in
544 2434 640 2455 mon-

232 2487 323 2524 tem,
350 2488 385 2517 et
412 2495 515 2526 quum
534 2484 640 2516 sedis-

231 2548 307 2585 set,
345 2548 562 2577 accesserunt
599 2545 642 2577 ad

234 2616 311 2639 eum
336 2607 493 2650 discipuli
520 2607 618 2648 ejus,

856 169 910 210 44

797 322 912 346 ERASM
919 321 954 346 US
960 338 966 345 .

718 437 744 478 Q
756 438 890 468 uoniam
906 437 1093 479 complures
1138 448 1140 451 ’

682 498 827 539 aggressi
842 500 919 530 sunt
931 500 1092 529 contexe-

683 569 718 590 re
728 559 952 590 narrationem
961 569 1088 596 earum,

683 628 770 658 qnae
807 618 896 649 inter
930 629 991 649 nos
1019 628 1094 649 cer-

683 678 830 709 tissimae
868 676 947 709 fidei
990 680 1090 716 sunt,

682 747 812 777 rerum;

681 797 785 828 sicuti
808 797 1018 828 tradiderunt
1034 808 1096 829 no-

685 858 793 897 bishi‚
806 859 864 899 qui
874 859 915 889 ab
926 859 1024 890 initio
1034 859 1101 890 suis

685 919 1100 961 oculisviderant‚acpars

684 978 796 1018 aliqua
809 979 942 1009 fuerant
956 989 1070 1009 eorum
1082 1000 1091 1018 ,

686 1048 773 1078 quae
788 1038 987 1079 narrabant,

683 1099 788 1129 visum
825 1103 876 1129 est
910 1102 945 1130 et
981 1099 1061 1130 mihi
1077 1121 1087 1137 ,

683 1159 742 1195 ut,
771 1158 903 1188 cunctis
929 1157 970 1188 ab
996 1157 1093 1188 initio

685 1221 803 1248 exacta
827 1217 1002 1258 diligentia
1018 1228 1095 1258 per-

683 1278 856 1318 vestigatis
868 1298 878 1316 ,
935 1277 1096 1319 deinceps

683 1337 747 1368 tibi
786 1337 967 1368 scriberem
982 1358 992 1375 ‚
1033 1346 1096 1378 op-

687 1398 767 1428 time
794 1397 996 1438 Theophile,

683 1468 750 1497 quo
775 1467 936 1497 agnoscas
954 1466 1068 1488 eorum
1081 1479 1091 1495 ,

684 1517 724 1548 de
737 1517 858 1558 quibus
870 1517 1011 1548 edoctus
1022 1518 1096 1549 fue-

686 1588 738 1609 ras
752 1600 761 1617 ,
791 1577 1044 1611 certitudinem.

730 1701 770 1731 Et
793 1700 877 1731 dixit
901 1701 937 1733 Ζ.
962 1699 1003 1731 ad
1024 1700 1094 1732 An-

683 1760 807 1800 gelum:
819 1770 886 1799 qno
897 1762 1094 1799 argumento

684 1820 773 1850 istuc
800 1829 998 1860 cognoscam
1011 1821 1026 1850 ?

725 1880 775 1911 Ac
795 1879 999 1921 respondens
1019 1879 1090 1911 An-

682 1940 777 1981 gelus
815 1940 899 1970 dixit
937 1940 991 1972 εἰς
1031 1949 1093 1980 ego

685 2011 757 2032 sum
785 2000 940 2038 Gabriel,
964 2000 1022 2040 qui
1039 2010 1094 2031 as-

686 2062 741 2092 titi
762 2061 796 2092 in
821 2063 1007 2103 conspectu
1021 2060 1094 2098 Dei,

685 2123 872 2162 missusque
919 2132 991 2152 sum
1008 2143 1018 2160 ,
1058 2123 1097 2152 ut

687 2183 806 2223 loquar
829 2183 870 2213 ad
898 2185 931 2213 te
956 2185 991 2213 et
1014 2182 1098 2213 haec

685 2243 748 2273 tibi
773 2243 861 2273 laeta
884 2242 1056 2274 nunciem.

733 2303 814 2334 Cum
832 2302 969 2333 vidisset
984 2304 1096 2332 autem

690 2362 828 2401 turbas,
876 2361 1026 2394 ascendit
1064 2362 1098 2392 in

687 2426 836 2455 montem
849 2445 860 2462 ,
878 2426 912 2454 et
925 2433 1000 2454 cum
1013 2433 1095 2454 cou-

687 2484 853 2523 sedisset,
884 2485 1098 2515 accesserunt

687 2545 727 2578 ad
738 2546 831 2577 illum
842 2545 999 2588 discipuli
1011 2545 1095 2586 ejus,

1248 311 1429 363 Vulgata.

1183 439 1345 480 Quoniam
1412 439 1547 480 quidem

1140 499 1238 530 multi
1262 500 1375 531 conati
1399 503 1477 531 sunt
1491 510 1549 531 or·

1139 558 1253 590 dinare
1312 561 1547 600 narrationes,

1142 628 1230 658 quae
1267 619 1302 649 in
1334 620 1431 651 nobis
1456 631 1550 651 ccm-

1142 678 1254 720 pletae
1281 681 1361 710 sunt
1384 690 1493 711 rerum
1507 702 1517 719 ,

1144 799 1234 830 sicut
1255 799 1466 830 tradiderunt
1489 810 1553 830 no—

1147 859 1200 890 bis
1213 882 1222 898 ‚
1249 861 1308 900 qui
1322 860 1363 892 ab
1377 861 1474 892 initio
1489 860 1553 902 ipsi

1146 920 1304 951 viderunt
1333 923 1368 952 et
1406 920 1553 952 ministri

1142 979 1282 1010 fueruut
1300 980 1483 1020 sermonis3

1138 1099 1245 1130 visum
1268 1101 1320 1130 est
1340 1101 1375 1131 et
1396 1099 1478 1131 mihi
1498 1109 1552 1130 as-

1141 1162 1259 1190 secuto
1275 1159 1384 1189 omnia
1395 1180 1405 1196 ,
1428 1169 1445 1189 a
1458 1159 1554 1201 prin-

1143 1218 1231 1259 cipio
1246 1218 1425 1258 diligenter
1439 1229 1479 1249 ex
1498 1229 1555 1249 or.

1143 1277 1220 1308 dine
1237 1277 1297 1308 tibi
1312 1278 1473 1317 scribere,
1491 1288 1554 1321 op-

1145 1337 1225 1369 time
1251 1337 1433 1380 Thophile,

1138 1460 1178 1488 ut
1226 1468 1389 1498 agnoscas
1438 1469 1553 1490 eorum

1143 1518 1323 1550 verborum
1336 1541 1345 1556 ‚
1370 1517 1411 1549 de
1430 1517 1554 1558 quibus

1147 1577 1298 1610 eruditus
1309 1589 1355 1619 es,
1364 1579 1555 1610 veritatem.

1189 1700 1229 1730 Et
1252 1699 1336 1731 dixit
1359 1700 1395 1730 Ζ.
1417 1698 1458 1730 ad
1478 1699 1552 1731 An-

1142 1758 1252 1799 gelum
1276 1770 1285 1790 :
1341 1758 1432 1789 unde
1485 1758 1552 1788 hoc

1140 1818 1268 1850 sciam?

1184 1879 1225 1908 Et
1249 1877 1454 1921 respondens
1477 1877 1551 1910 An-

1140 1938 1234 1979 gelus
1274 1938 1358 1969 dixit
1398 1939 1450 1970 ei:
1489 1948 1551 1979 ego

1140 2010 1213 2030 sum
1229 1998 1366 2031 Gabriel
1380 2021 1389 2038 ‚
1405 1999 1465 2039 qui
1479 2001 1553 2029 asto

1144 2063 1223 2091 ante
1250 2061 1374 2097 Deum,
1410 2061 1446 2091 et
1473 2058 1552 2089 mis-

1143 2132 1199 2152 sus
1219 2131 1290 2152 sum
1314 2120 1408 2160 loqui
1432 2119 1474 2151 ad
1495 2121 1552 2158 te,

1145 2185 1181 2212 et
1206 2181 1290 2212 haec
1317 2180 1379 2211 tibi
1404 2190 1554 2220 evange-

1141 2241 1252 2273 lisare.

1187 2300 1311 2331 Videns
1332 2302 1443 2331 autem
1457 2299 1555 2332 Jesus

1146 2361 1285 2399 turbas,
1335 2360 1488 2392 ascendit
1519 2361 1555 2391 in

1143 2424 1311 2460 montem,
1341 2424 1376 2452 et
1400 2431 1476 2452 cum
1500 2431 1555 2453 se·

1145 2482 1260 2520 disset,
1285 2484 1499 2514 accesserunt
1513 2480 1555 2513 ad

1144 2555 1220 2577 eum
1242 2542 1397 2587 discipuli
1421 2543 1518 2584 ejus,
