1711 3047
856 176 885 216 4

232 320 400 362 Codicis
424 319 467 361 S.
489 317 725 359 versionem
747 331 893 357 omnes
919 315 1221 372 sequebantur,
1253 325 1298 357 ut
1321 316 1526 357 authenti·

233 414 341 441 cam.
393 398 594 454 Linguam
623 394 875 436 Hebraicam
900 405 941 435 et
969 392 1175 434 Graecam
1207 410 1259 435 ne
1279 394 1422 436 clerici
1442 394 1528 451 qui-

233 476 329 517 dem
352 475 573 516 callebant.
621 472 877 514 Monasteria
896 472 1046 513 artium
1066 486 1114 512 ac
1130 470 1443 529 disciplinarum
1459 488 1525 514 re·

233 554 344 612 fugia
370 568 458 594 esse
479 551 710 604 desierant3
745 564 850 607 quae
872 550 931 591 ibi
956 549 1217 590 habebantur
1237 550 1431 603 scholae,
1465 566 1529 591 su-

233 631 490 690 perstitionis
515 641 557 672 et
583 630 844 688 ignorantiae
868 639 1021 669 mati-es
1050 639 1168 668 erant
1197 628 1458 682 foecundae3
1488 640 1529 670 et

235 711 305 767 qui
337 710 517 766 aliquam
553 709 598 748 in
628 707 774 748 studiis
815 722 990 764 operam
1028 707 1261 759 navabant,
1289 706 1442 747 horum
1475 706 1530 747 la-

234 788 361 829 bores
392 802 479 827 non
514 785 715 826 Codicem
744 784 787 826 S.
810 815 821 837 ,
864 783 938 824 sed
977 784 1150 824 Patrum
1181 784 1336 841 scripta
1374 795 1533 841 specta-

235 866 358 918 bant,
402 880 425 906 e
468 864 616 921 quibus
655 863 862 904 librorum
909 877 1125 903 sacrorum
1164 862 1532 920 interpretationes

237 943 518 1001 colligebant,
563 956 663 997 quas
696 940 968 981 collectiones
1002 940 1174 981 Patrum
1212 949 1385 982 catenas
1421 939 1533 982 dice-

236 1021 356 1063 bant.
419 1017 635 1075 Ejusmodi
663 1028 832 1071 catena,
864 1033 914 1058 ex
937 1017 1094 1058 Latinis
1116 1017 1309 1058 Patribus
1333 1016 1532 1070 conflata,

236 1109 279 1141 et
321 1098 512 1156 vulgatae
563 1096 769 1138 versionis
812 1095 988 1153 margini
1027 1094 1246 1151 adjuncta,
1291 1096 1416 1137 unica
1443 1106 1534 1137 erat

237 1175 407 1218 Codicis
443 1175 489 1217 S.
532 1174 847 1231 interpretatio,
890 1174 933 1214 in
972 1189 1054 1230 qua
1091 1174 1412 1230 acquiescebant
1445 1174 1534 1216 fere

238 1269 400 1296 omnes.
464 1251 630 1304 Verbo,
665 1252 735 1308 qui
768 1250 910 1293 medio
944 1267 1047 1293 aevo
1067 1251 1314 1293 dicebantur
1331 1253 1536 1310 interpre-

238 1342 325 1386 tes,
357 1333 426 1373 vix
452 1330 566 1388 digni
595 1340 713 1371 erant
735 1330 820 1371 hoc
844 1330 1037 1383 nomine,
1068 1330 1184 1370 varia
1204 1330 1353 1388 singuli
1372 1331 1538 1373 ratione

236 1412 282 1452 in
311 1411 395 1452 hoc
430 1408 569 1451 studio
605 1418 830 1449 versantes.
895 1406 1168 1464 Quadruplex
1196 1408 1309 1449 enim
1333 1408 1420 1450 fere
1447 1419 1537 1450 erat

236 1486 542 1545 interpretandi
577 1485 802 1526 methodus
811 1515 824 1536 ,
875 1485 1103 1541 allegorica
1147 1501 1328 1543 nempe,
1367 1487 1539 1544 tropolo-

234 1571 361 1624 gica,
409 1568 647 1621 anagogica
686 1572 728 1603 et
761 1561 952 1603 literalis.
1016 1561 1258 1619 Allegorica
1290 1565 1539 1622 interpreta-

237 1645 355 1686 tione
396 1642 640 1693 utebantur,
682 1650 730 1681 ut
773 1640 1086 1697 quibuscunque
1124 1652 1296 1698 possent
1341 1642 1387 1683 in
1436 1642 1542 1684 locis

240 1722 451 1763 Christum
489 1718 752 1770 invenirent3
795 1718 1069 1774 tropologica,
1107 1728 1153 1758 ut
1189 1720 1423 1775 practioum
1462 1720 1542 1760 his-

241 1800 376 1843 toriae
414 1798 597 1840 biblicae
625 1806 908 1837 monstrarent
928 1812 1072 1849 usum3
1106 1802 1371 1854 anagogica,
1405 1808 1451 1838 ut
1468 1798 1546 1838 ho·

242 1880 378 1921 mines
427 1876 480 1918 ad
520 1875 748 1917 coelestem
798 1874 1139 1931 Hierosolymam
1183 1877 1351 1932 ejusque
1393 1875 1544 1934 gaudia

241 1956 467 1999 redderent
489 1964 694 2007 attent053
725 1953 927 1995 literalem
948 1953 1019 1993 vix
1037 1953 1313 2010 attingebant.
1358 1954 1543 1996 Maxime

243 2046 384 2078 autem
437 2032 491 2075 V.
534 2033 585 2074 T.
627 2031 744 2072 libris
787 2030 1110 2088 interpretandis
1150 2046 1324 2088 operam
1362 2032 1543 2087 dabant,

247 2114 404 2172 quippe
448 2111 518 2168 qui
549 2111 755 2165 majorem
795 2109 1054 2166 praebebant
1089 2108 1384 2167 allegoriarum
1416 2110 1546 2152 confi-

247 2190 492 2234 ciendarum
523 2187 898 2246 opportunitatem.
977 2187 1089 2228 Hinc
1113 2187 1356 2231 innumerae
1383 2189 1544 2230 Cantici

243 2270 517 2312 Canticorum
560 2266 855 2324 expositiones,
936 2264 981 2305 Si
1025 2265 1094 2322 qui
1138 2276 1277 2307 autem
1317 2264 1546 2324 prodibant

243 2348 418 2391 sanioris
452 2344 808 2403 interpretationis
838 2343 1050 2397 fautores,
1089 2343 1166 2385 hos
1210 2344 1350 2401 Papae
1384 2356 1540 2399 metus,

247 2428 468 2483 minaeque
488 2439 512 2465 a
531 2425 645 2482 regia
661 2423 731 2464 via
751 2421 933 2464 tenenda
946 2421 1247 2464 absterrebant.
1311 2422 1546 2465 Miserrima

247 2507 374 2566 igitur
403 2519 545 2546 sacrae
575 2517 795 2560 exegeseos
826 2512 915 2543 erat
946 2499 1152 2542 conditio.

306 2585 422 2626 Unus
454 2581 651 2625 excelluit
669 2596 750 2625 sec.
775 2579 875 2622 XIV
897 2594 1105 2622 mcomms
1125 2594 1342 2633 LYRANus,
1375 2581 1444 2637 qui
1465 2581 1546 2622 suis
