1711 3047
855 171 913 213 52

241 316 366 369 dum,
399 316 462 357 ὅτι
492 317 567 368 τὴν
599 314 751 370 δωρεὰν
780 318 851 357 τοῦ
883 315 982 356 θεοῦ
1013 314 1197 369 ἐνόμισας
1229 315 1297 359 διὰ
1325 319 1537 374 χρημάτων

238 398 429 438 κτᾶσθαι.
453 392 568 436 Sect.
601 408 673 436 21.
703 394 776 437 οὐκ
801 393 885 436 ἔστι
910 410 947 435 κ.
970 409 1007 434 τ.
1029 392 1066 434 λ.
1086 392 1174 451 (1);
1203 393 1380 437 fortasse
1407 396 1533 438 etiam

236 474 336 516 Act.
379 473 503 527 XIII,
547 471 618 515 36.
656 472 729 514 ubi
768 482 866 531 post
903 471 1033 530 βουλῇ
1073 487 1241 515 comma
1276 474 1419 531 posuit
1452 473 1533 532 (2).

234 550 401 595 Deinde
417 567 441 594 e
455 551 610 594 criticis
625 561 834 594 memorat
846 565 1050 593 ERASMUM
1067 548 1121 591 ad
1133 551 1232 594 Act.
1249 551 1365 606 XIII,
1386 551 1455 594 33.
1473 551 1535 610 (3)

233 640 279 673 et
311 645 436 674 JOAN.
466 629 552 684 lv,
596 629 669 681 46.
708 629 752 670 in
781 629 967 671 lectione
1000 628 1197 671 vocabuli
1234 630 1440 685 βασιλικὸς
1477 630 1532 672 ab

233 723 287 751 eo
316 707 496 750 discedit
519 707 605 766 (4),
638 722 820 764 eumque
849 708 1026 766 castigat
1055 708 1154 750 Act.
1181 707 1327 761 XXII,
1357 710 1422 759 14.
1440 706 1529 765 (5);

229 785 402 829 tandem
423 801 612 828 ROBER‘H
633 800 842 827 smmum
865 785 996 827 semel
1024 785 1161 841 injicit
1193 785 1455 827 mentionem
1478 783 1533 827 ad

227 879 454 907 MATTHAEI
483 865 627 906 locum
659 880 785 922 supra
815 863 1046 906 laudatum.

286 943 416 985 Hisce
436 942 606 1001 quidem
630 943 737 985 locis
762 942 991 984 absolvitur
1010 956 1105 984 usus
1121 973 1133 996 ,
1169 957 1295 999 quem
1324 955 1531 983 cALvnws

225 1022 270 1063 in
302 1021 422 1064 libris
448 1021 505 1064 N.
537 1021 589 1063 T.
621 1020 834 1062 historicis
866 1020 991 1074 fecit,
1029 1019 1257 1074 Codicum,
1288 1018 1529 1061 versionum

224 1110 414 1143 veterum
445 1110 488 1143 et
518 1099 764 1142 criticorum
789 1098 867 1157 (6).

819 1255 845 1318 ξ
880 1256 927 1304 2.

361 1415 480 1474 Quid
501 1423 586 1470 est,
619 1429 697 1457 cur
706 1428 852 1472 pauc-a
874 1419 1036 1454 tantum
1059 1415 1104 1454 in
1125 1412 1205 1454 Ιιαε
1225 1414 1391 1453 critices

713 1498 839 1549 parte
869 1494 1017 1548 egerit.

279 1651 396 1705 Jam,
424 1658 649 1709 postquam
673 1647 818 1690 omnia
838 1647 1048 1689 librorum
1068 1645 1125 1689 N.
1146 1644 1198 1689 T.
1224 1644 1523 1688 historicorum

219 1731 318 1772 loca
349 1727 654 1780 recensuimus,
700 1726 744 1767 in
783 1740 965 1782 quorum
1002 1724 1189 1766 lectione
1228 1721 1522 1765 constituenda

219 1822 450 1861 cALvnws,
481 1803 691 1847 Codicum
721 1813 764 1845 et
792 1803 1033 1844 versionum
1065 1812 1254 1843 veterum
1281 1798 1522 1841 testimonia

217 1887 429 1941 adhibuit,
465 1900 518 1927 eo
557 1882 847 1942 pervenimus,
884 1891 932 1923 ut
965 1879 1110 1939 paucis
1140 1877 1379 1932 videamus,
1416 1874 1518 1934 quid

262 2046 314 2090 (1)
338 2045 483 2078 Eandem
496 2043 808 2088 interpunctionem
822 2041 1012 2082 sequuntur
1025 2049 1129 2079 mm,
1150 2046 1333 2076 rxscuon,
1349 2044 1523 2075 enorme,

230 2137 233 2139 ,
339 2113 492 2135 Rumon.
508 2125 517 2142 ‚
544 2110 734 2133 cnmsucn
759 2101 794 2131 et
818 2107 852 2129 v.
877 2108 912 2129 n.
937 2106 1042 2130 um.

253 2159 306 2202 (2)
330 2157 388 2190 Cf.
413 2168 559 2190 Bownm
584 2157 607 2188 1.
632 2167 665 2188 o.
690 2155 732 2187 ad
756 2154 793 2187 h.
819 2153 845 2186 l.

252 2215 306 2256 (3)
329 2213 407 2246 vid.
432 2222 547 2254 supra.

252 2270 306 2312 (4)
331 2269 424 2300 Idem
447 2269 566 2306 legunt
593 2276 698 2304 mxu,
728 2273 920 2302 mscnon,
947 2271 1121 2301 onorius,
1148 2270 1182 2293 v.
1213 2270 1248 2292 n.
1274 2268 1384 2297 razu,
1413 2267 1520 2289 went

333 2328 368 2357 et
397 2334 552 2357 ruozucx
575 2323 617 2355 ad
640 2322 678 2354 h.
703 2321 729 2355 l.

248 2382 301 2426 (5)
323 2380 400 2414 vid.
427 2389 540 2422 supra.

248 2438 303 2481 (6)
327 2435 396 2469 Cff.
430 2435 472 2467 de
501 2434 565 2466 hac
597 2435 632 2465 et
657 2431 813 2473 sequenti
844 2430 860 2473 ς
893 2437 1049 2462 ruotncx
1082 2427 1174 2459 Lm.
1208 2424 1383 2466 Anzeiqer
1409 2422 1510 2457 1831.

330 2493 389 2526 ΝΟ.
405 2491 462 2523 42.
509 2489 641 2533 Quique
661 2489 737 2531 ejus
756 2487 848 2519 dicta
867 2497 945 2519 vere
965 2485 1104 2518 classica
1123 2483 1164 2515 dc
1183 2492 1330 2514 cavum
1348 2480 1516 2522 descripta

331 2548 490 2587 exhibet,
517 2556 627 2579 nnn
653 2545 688 2577 in
713 2545 777 2577 dae
805 2543 922 2575 Leben
948 2541 1116 2577 Calvina,
1148 2539 1210 2573 Th.
1236 2538 1265 2570 I.
1288 2538 1321 2569 S.
1342 2533 1512 2569 350·354.

330 2608 366 2638 et
392 2614 557 2638 seman
581 2603 615 2636 in
639 2612 741 2647 opere
768 2600 1016 2643 Scalcqeriana
1040 2597 1185 2640 prima,
1210 2605 1287 2639 pag.
1310 2592 1368 2625 39.
