1711 3047
813 154 868 195 65

188 305 348 350 utatur,
379 292 584 350 simulque
616 291 838 345 admonet,
876 290 980 332 nihil
1009 291 1279 350 profuturum
1311 294 1488 337 cursori»

188 374 292 416 obus
315 373 510 415 alacriter
541 372 748 429 coepisse,
778 371 813 412 si
842 370 886 411 in
916 368 1059 412 medio
1094 371 1230 413 stadio
1252 371 1487 416 deficiant.”

186 449 379 493 Tandem
410 451 590 492 aliorum
616 449 935 507 explicationes,
966 448 1198 490 rationibus
1215 465 1266 492 ex
1284 462 1488 494 contextu

183 527 340 583 ductis,
359 529 530 583 refutat,
549 528 734 585 aliasque
752 525 906 569 ‘eodem
924 525 1123 581 firmatas,
1146 529 1366 586 proponit,
1386 545 1426 573 e.
1443 546 1484 574 e.

185 621 349 649 ΜΑΤΤΗ.
365 608 450 662 XI,
475 622 543 665 27.
562 611 699 651 πάντα
711 624 781 661 μοι
802 606 1013 662 παρεδόθη
1034 608 1113 648 ὑπὸ
1131 610 1200 649 τοῦ
1216 610 1368 663 πατρός
1383 623 1484 662 ⁴mov:

185 684 326 727 »Male
352 686 462 727 hanc
488 685 739 727 sententiam
761 699 859 725 cum
879 684 1073 741 proxima
1095 694 1327 727 contexunt
1356 686 1487 729 inter-

186 774 371 821 »pretes,
407 764 477 820 qui
503 772 668 804 tantum
698 761 783 803 huc
815 772 1005 819 spectare
1041 772 1213 820 putant,
1250 773 1298 804 ut
1333 765 1487 821 majori

185 839 364 883 »fiducia
380 839 607 898 discipulos
625 838 848 881 confirmet
861 854 1066 882 cnms‘rus
1083 839 1136 882 ad
1152 840 1487 898 praedicandum

185 919 498 976 »Evangelium.
544 919 637 975 Ego
653 932 756 959 vero
777 917 858 959 alia
880 916 934 959 de
950 933 1073 960 causa
1091 929 1134 960 et
1148 919 1193 961 in
1210 919 1337 961 alium
1357 920 1486 964 finem

183 1010 429 1036 »cmusrmvi
450 995 510 1035 ita
528 994 751 1051 loquutum
768 994 979 1038 existimo.
1001 1020 1059 1028 --
1078 995 1311 1048 Quomodo
1332 997 1386 1039 ad
1407 1000 1487 1040 ho-

181 1072 340 1114 »mines
367 1071 588 1129 perveniat
619 1071 761 1113 salutis
792 1072 948 1130 gratia,
979 1072 1181 1118 ostendit.
1199 1075 1487 1119 —Cmus‘rus

181 1160 320 1192 »recta
343 1149 398 1192 ad
417 1166 462 1192 se
483 1150 630 1193 venire
648 1150 792 1207 jubet,
814 1162 863 1193 ut
883 1150 984 1194 inde
1005 1161 1172 1210 p'etatur
1195 1153 1336 1196 salutis
1361 1157 1487 1197 certi-

182 1227 335 1270 »tud0”
353 1227 431 1286 (1).
463 1227 548 1270 Sed
562 1229 720 1272 haecce
736 1229 967 1286 sufficiant,
985 1230 1039 1273 ad
1054 1231 1347 1290 probandum,
1370 1235 1487 1292 quod

178 1306 224 1347 in
255 1306 376 1363 hujus
405 1310 429 1360 S
458 1307 581 1349 initio
613 1307 912 1364 animadverti,
944 1324 1188 1366 camanum,
1220 1311 1339 1368 hujus
1355 1313 1486 1356 inter-

180 1384 428 1441 pretationis
450 1385 751 1445 grammaticae
767 1385 1013 1431 adminiculi
1031 1403 1137 1448 ope,
1165 1389 1346 1433 multum
1361 1407 1484 1451 prae-

178 1461 346 1508 stitisse.

781 1582 890 1648 §a

654 1719 770 1762 Loca
792 1720 1020 1779 parallela.

237 1852 467 1898 Videamus
493 1870 648 1915 porr0‚
680 1855 781 1914 quid
810 1857 857 1899 in
887 1858 1240 1917 interpretatione
1273 1877 1482 1921 gramma-

176 1932 261 1975 tica
289 1935 564 1992 praestiterit,
594 1935 790 1977 locorum
817 1935 1118 1994 parallelorum
1150 1954 1248 1998 ope.
1313 1942 1377 1984 Ita
1405 1942 1483 1985 dif-

174 2009 400 2053 ficiliorem
435 2014 552 2054 vocis
587 2012 940 2069 significationem
977 2014 1222 2071 illustravit,
1266 2034 1398 2075 quum
1436 2021 1482 2063 in

172 2086 274 2130 loco
305 2089 510 2146 parallelo
547 2089 663 2131 idem
694 2090 899 2144 verbum,
942 2091 1016 2133 sed
1051 2092 1132 2134 alia
1166 2093 1325 2151 forma,
1363 2097 1481 2142 inve-

171 2167 348 2223 niatur„
364 2169 463 2211 Act.
486 2165 584 2222 VII,
617 2167 685 2210 53,
717 2169 946 2212 verborum
969 2173 1024 2220 εἷς
1048 2173 1248 2226 διαταγὰς
1270 2175 1479 2234 interpres

170 2255 234 2287 est
262 2261 446 2301 munus,
482 2247 553 2304 qui
583 2262 662 2304 per
691 2246 862 2306 angelos
899 2248 1146 2307 dispositam
1179 2251 1304 2295 fuisse
1338 2254 1477 2313 legem

170 2321 320 2380 docet,
351 2325 421 2367 vel
443 2325 684 2367 ordinatam
715 2325 810 2368 Gal.
845 2327 931 2381 III,
968 2343 1034 2384 19.
1055 2329 1117 2388 (2)
1146 2331 1213 2375 vel
1236 2347 1364 2390 quum
1392 2334 1478 2376 alio

167 2403 303 2445 verbo
333 2402 447 2445 idem
472 2403 761 2463 significatur,
796 2419 961 2450 MATTH.
994 2407 1076 2463 ΙΙΙ,
1119 2409 1183 2452 16.
1206 2412 1477 2469 ἀνεῴχθησαν

205 2521 260 2566 (1)
283 2523 348 2556 eff.
373 2532 459 2554 mm
476 2545 486 2563 ,
514 2535 683 2558 usui-on
708 2527 743 2558 et
769 2536 920 2559 ωιοπιυε
945 2527 986 2560 ad
1011 2532 1097 2562 sect.
1124 2530 1182 2561 28.

205 2578 258 2621 (2)
283 2577 350 2613 Cff.
378 2590 486 2622 un,
515 2592 708 2625 mnenon,
737 2592 890 2636 nunnoni.
916 2587 951 2618 et
977 2595 1172 2618 otsxuusnn
1197 2585 1239 2618 ad
1262 2585 1298 2621 h.
1325 2587 1352 2621 1.

1224 2651 1246 2693 5
