1711 3047
803 163 854 204 12

775 301 880 364 §IL

595 435 914 492 Disqaisitionis
953 435 1066 477 ordo.

237 587 364 630 Hisce
402 590 675 647 praemonitis
715 590 941 633 dicendum
980 601 1129 645 restat,
1176 607 1399 648 quamnam
1435 595 1479 635 in

177 665 466 723 disquisitione
485 684 579 709 mea
595 670 706 710 viam
722 670 799 710 sim
813 670 1086 727 ingressurus.
1122 669 1294 727 Optima
1311 670 1481 726 quidem

177 744 265 785 visa
305 755 366 786 est
406 761 456 786 ea
499 746 631 800 ratio,
673 762 754 803 qua
782 753 968 803 primum
1003 748 1205 802 referam,
1247 763 1353 804 quae
1392 763 1483 789 mo-

178 823 316 864 nuerit
349 837 555 865 CALvas
584 823 637 865 de
664 824 735 878 iis,
768 840 874 882 quae
896 826 940 866 in
962 826 1268 867 introductione
1286 826 1330 867 in
1350 826 1483 867 libros

180 915 213 942 s.
248 902 420 942 tractari
453 902 578 960 vulgo
605 902 768 944 solent:
804 903 857 945 de
888 915 1068 960 quatuor
1097 904 1203 946 adeo
1227 905 1485 962 Euangeliis,

179 979 223 1020 in
256 995 431 1037 genere,
467 979 520 1021 de
553 981 628 1033 iis,
663 997 770 1038 quae
796 982 965 1040 singulis
985 983 1102 1024 libris
1120 983 1176 1025 N.
1204 983 1254 1025 T.
1276 983 1485 1025 historicis

180 1069 275 1099 sunt
302 1059 419 1117 priva
450 1069 492 1100 et
515 1061 687 1117 propria
701 1092 712 1114 ,
747 1062 808 1101 uti
829 1071 871 1102 et
890 1060 942 1102 de
961 1062 1182 1103 harmonia
1205 1077 1255 1103 ex
1278 1077 1484 1104 MA'rHAEo

182 1151 328 1177 MARCO
360 1147 402 1177 et
436 1152 548 1178 LUCA
578 1139 829 1195 composita.
894 1138 1060 1180 Deinde
1086 1155 1139 1180 ex
1166 1141 1252 1195 ejus
1279 1141 1486 1182 sententia

183 1230 306 1273 agere
345 1216 461 1257 lubet
501 1217 553 1257 de
598 1226 777 1258 externa
814 1218 960 1259 horum
996 1218 1195 1260 librorum
1216 1219 1390 1277 forma:
1432 1218 1485 1261 de

185 1304 297 1335 textu
328 1293 494 1335 Graeco
528 1306 570 1337 et
600 1296 792 1338 versione
824 1297 996 1350 Latina,
1032 1297 1181 1353 quibus
1211 1297 1254 1337 in
1285 1297 1487 1354 interpre-

182 1371 343 1413 tatione
392 1388 486 1413 usus
529 1384 612 1426 est3
662 1372 715 1415 de
758 1374 882 1415 variis
926 1375 1013 1430 ejus
1054 1373 1104 1415 ad
1148 1373 1487 1416 constituendam

184 1449 412 1491 lectionem
431 1466 673 1508 germanam
691 1452 912 1492 conatibus
926 1483 937 1504 ,
956 1452 1024 1492 vel
1040 1450 1262 1493 laudandis
1278 1451 1486 1494 Codicum

186 1537 228 1569 et
259 1528 499 1569 versionum
522 1528 787 1585 antiquarum
826 1529 1101 1583 testimoniis,
1137 1529 1207 1570 vel
1237 1530 1492 1585 conjecturis

184 1605 403 1648 faciendis.
469 1605 632 1658 Quibus
671 1607 868 1664 expositis
906 1612 1026 1648 tertio
1058 1606 1295 1649 videbimus
1324 1599 1377 1650 de
1402 1608 1493 1665 ipsa

186 1699 361 1725 CALVINI
383 1684 686 1741 explicatione:
705 1699 788 1740 quo
805 1685 849 1724 in
871 1684 970 1726 loco
997 1684 1350 1726 considerandum
1369 1686 1491 1727 nobis

188 1763 267 1803 erit
281 1793 293 1815 ,
334 1761 435 1818 quid
456 1762 708 1819 praestiterit
730 1763 774 1802 in
795 1767 1138 1819 intetpretatz'one
1160 1763 1335 1816 literali,
1362 1763 1491 1804 lzisto-

189 1845 298 1892 rica,
327 1840 554 1894 rhetorica,
577 1841 714 1897 logica
736 1851 778 1882 et
800 1840 938 1882 ethica
961 1841 1048 1882 sive
1073 1841 1238 1882 morali.
1301 1839 1490 1882 Tandem

188 1927 338 1977 quarto
368 1917 421 1960 dc
444 1921 530 1974 ejus
553 1924 741 1976 ingenio,
775 1925 943 1973 animo,
975 1920 1119 1977 lingua
1142 1930 1184 1961 et
1206 1919 1331 1975 stylo,
1362 1920 1406 1961 in
1429 1920 1493 1961 his

191 1998 505 2038 commentariis
531 1999 793 2055 conspicuis,
832 1998 1034 2040 nonnulla
1054 1999 1256 2040 monebo.
1320 1998 1489 2054 Verbo,

192 2090 311 2133 agam
348 2074 401 2117 de
436 2091 609 2117 CALVINI
647 2080 869 2132 εἰσαγωγῇ,
920 2075 973 2117 de
1013 2078 1099 2132 ejus
1131 2078 1275 2132 κρίσει,
1321 2077 1374 2119 de
1407 2079 1494 2134 ejus

193 2155 404 2209 ἑρμηνείᾳ,
438 2153 618 2210 denique
653 2153 705 2195 de
736 2157 822 2210 ejus
850 2155 1047 2212 ingenio,
1081 2156 1246 2209 animo,
1280 2155 1420 2214 lingua
1453 2165 1495 2197 et

194 2232 329 2289 stylo,
363 2233 527 2273 ratione
558 2233 702 2273 habita
738 2233 921 2287 consilii,
955 2233 1070 2290 quod
1104 2235 1149 2275 in
1180 2235 1244 2276 his
1281 2249 1495 2276 commen-

196 2310 310 2351 tariis
341 2311 418 2352 sibi
449 2311 683 2369 proposuit.
