1711 3047
839 158 919 197 112

229 315 319 346 »tus
336 303 498 344 munita
517 300 662 342 esset.'’
700 298 963 341 Consuluisse
980 313 1197 340 cmusrum
1216 300 1272 340 ait
1289 298 1519 341 infirmitati

229 397 400 423 suorum
422 379 751 438 discipulorum,
778 393 898 420 JOAN.
924 376 1065 430 XVII,
1095 376 1159 419 15.
1181 379 1251 421 οὐκ
1273 381 1424 434 ἐρωτῷ,
1450 380 1522 422 ἵνα

228 466 328 517 ᾄρης
363 461 509 508 dormis*
541 462 586 502 ἐκ
615 462 685 500 τοῦ
716 461 863 507 κόσμου
891 475 929 499 κ.
955 474 990 499 τ.
1019 457 1054 498 λ.
1080 466 1127 496 ut
1156 467 1256 497 vota
1286 473 1381 511 sua,
1417 473 1522 514 quae

228 550 361 580 metas
384 537 642 591 transiliunt,
675 538 781 590 hoc,
812 551 936 593 quem
962 535 1213 592 praescribit
1240 535 1390 588 modo,
1419 547 1522 578 tem-

230 627 394 675 perent.
454 616 552 657 Non
574 615 784 673 promittit
807 614 1003 672 gratiam,
1026 629 1131 670 quae
1153 629 1225 655 eos
1247 613 1452 656 subducat
1470 616 1522 656 ab

230 696 347 738 omni
363 696 511 736 labore
528 705 570 736 et
589 709 708 747 cura,
725 693 800 735 sed
818 709 924 750 quae
944 692 1149 734 invictum
1174 693 1307 733 robur
1332 691 1523 734 adversus

230 775 371 815 hostes
387 771 626 830 suppeditet
643 771 722 829 (1).
759 772 821 812 Ita
835 782 876 812 et
889 771 1067 812 voluisse
1077 785 1294 812 cnms‘rum
1307 768 1453 824 docet,
1466 769 1528 811 di-

232 850 368 893 cendo
385 866 508 893 JOAN.
523 850 604 903 XI,
624 852 664 901 4.
683 864 836 890 LAzAm
859 848 1045 890 morbum
1065 864 1149 889 non
1168 864 1258 889 esse
1281 848 1341 889 ad
1354 857 1525 889 mortem

233 945 404 972 »curam
438 928 652 986 discipulis
690 928 895 980 eximere,
937 942 991 968 ne
1033 927 1146 984 ipsos
1177 926 1287 968 male
1323 927 1497 968 haberet
1512 957 1524 980 ,

232 1028 249 1045 n
262 1006 378 1065 quod
400 1018 488 1048 tam
513 1021 707 1048 securum
734 1006 778 1047 in
803 1005 926 1046 amici
953 1004 1143 1062 periculo
1175 1004 1417 1046 cernerenff’
1442 1004 1521 1061 (2).

233 1086 410 1139 Monet,
449 1100 626 1126 PAULUM
653 1084 760 1124 hanc
796 1083 852 1123 ob
887 1096 1054 1123 causam
1087 1081 1255 1122 labores
1288 1092 1330 1122 et
1354 1082 1527 1122 virtutes

233 1180 326 1206 suas
348 1163 592 1221 praedicare
611 1163 708 1203 Act.
733 1161 839 1213 XX,
881 1161 944 1201 18.
963 1175 1073 1212 non,
1104 1170 1149 1199 ut
1169 1160 1361 1216 plausum
1381 1174 1528 1216 repor-

234 1253 296 1284 tet
317 1242 369 1283 ab
394 1240 674 1292 auditoribus,
698 1238 771 1279 sed
785 1270 796 1291 ,
819 1247 865 1278 ut
882 1237 1063 1278 acriores
1081 1246 1224 1277 sancta
1248 1250 1322 1277 sua
1340 1237 1532 1277 exhorta-

235 1322 297 1363 tio
320 1321 487 1362 aculeos
511 1320 666 1361 habeat
690 1327 732 1359 et
755 1317 918 1375 penitus
940 1315 1066 1357 infixa
1088 1316 1260 1356 haereat
1279 1330 1426 1356 eorum
1448 1316 1532 1356 ani-

236 1399 328 1441 mis.
368 1399 474 1440 Item
490 1413 586 1439 eum
604 1406 705 1438 sect.
731 1409 796 1451 19.
824 1394 972 1436 dixisse
991 1394 1188 1438 δουλεύων
1211 1399 1267 1450 τῷ
1284 1396 1407 1451 κυρίῳ
1427 1397 1532 1449 μετὰ

238 1483 365 1533 πάσης
398 1481 767 1533 ταπεινοφροσύνης
797 1493 833 1518 κ.
858 1493 893 1517 τ.
920 1475 957 1516 λ.
994 1490 1071 1516 »ne
1097 1474 1299 1515 similibus
1332 1473 1534 1515 molestiis

240 1556 564 1609 »succumbant,
600 1570 704 1612 quos
734 1554 986 1611 alloquitur,
1025 1563 1148 1610 atque
1180 1563 1227 1593 ut
1258 1552 1374 1593 omni
1403 1552 1533 1593 ambi-

241 1636 384 1676 »tione
407 1635 530 1676 vacui
554 1644 798 1676 reverenter
821 1618 871 1674 et*
893 1633 1072 1674 sollicite
1102 1647 1251 1673 munus
1275 1646 1395 1673 suum
1420 1646 1536 1672 exer-

240 1724 417 1767 »ceant,
454 1728 590 1769 neque
620 1723 784 1753 tantum
814 1727 947 1767 aequo
976 1711 1118 1752 animo
1149 1710 1382 1768 patiantur,
1410 1725 1453 1751 se
1485 1709 1537 1750 ab

239 1792 460 1832 »omnibus
495 1791 732 1841 contemni,
768 1788 842 1828 sed
878 1789 922 1827 in
964 1803 1009 1828 se
1039 1789 1138 1844 ipsis
1181 1802 1347 1842 quoque
1383 1788 1537 1841 abjecti

241 1870 370 1923 2›sint,
395 1869 491 1925 quia
517 1882 750 1923 numquam
784 1864 837 1906 ad
871 1881 1042 1906 cmusn
1073 1864 1322 1920 obsequium
1351 1864 1429 1905 rite
1460 1863 1540 1904 erit

242 1947 546 2005 »compositus,
567 1945 637 2001 qui
653 1944 832 1985 sublime
852 1942 1009 1999 aliquid
1025 1941 1238 1999 spirabit.’'
1285 1941 1423 1980 Porro
1445 1954 1541 1980 eum

242 2023 502 2082 Presbyteris
532 2021 750 2079 Ephesinis
785 2035 905 2078 spem
936 2018 1139 2060 ademisse
1164 2018 1225 2058 sui
1256 2016 1413 2059 reditus
1443 2017 1540 2057 Act.

243 2103 346 2156 XX,
372 2100 449 2155 25,
481 2116 533 2142 eo
560 2099 761 2153 consilio,
792 2113 900 2155 »quo
924 2097 1111 2139 tenacius
1134 2111 1282 2137 eorum
1313 2095 1543 2136 memoriae

247 2180 462 2240 »infigeret
486 2194 578 2221 suas
603 2177 929 2220 exhortationes.
991 2176 1156 2218 Scimus
1181 2176 1314 2229 enim,
1343 2185 1545 2232 quantum

246 2259 466 2316 »energiae
488 2258 671 2299 habeant
699 2265 910 2297 extremae
935 2254 1238 2298 discedentium
1260 2269 1400 2296 voces.
1462 2253 1545 2295 Vo-

249 2337 352 2378 »luit
376 2337 503 2378 etiam
533 2335 614 2376 hac
645 2333 985 2392 praemonitione
1017 2349 1191 2386 cavere,
1231 2349 1283 2374 ne
1313 2330 1547 2390 penderent

290 2525 342 2569 (l)
367 2526 430 2557 eff.
457 2525 567 2555 tiicxss
593 2527 628 2556 et
655 2536 807 2556 tuorum<
834 2526 872 2556 ad
899 2526 963 2557 111.

290 2582 342 2623 (2)
367 2582 418 2614 Cf.
449 2592 604 2614 'ruotncx
630 2582 670 2613 ad
695 2582 730 2615 h.
758 2582 781 2614 l.
