1711 3047
807 156 855 197 71

188 300 736 363 »plusquampraeteritum‚
786 312 840 340 ne
882 295 972 354 quis
1008 306 1198 354 putaret,
1251 312 1345 339 eam
1389 307 1488 340 tunc

185 383 348 425 »adhuc
369 381 493 424 fuisse
520 380 818 439 peccatricem.
882 374 968 417 Sed
993 390 1018 417 a
1044 377 1228 434 genuino
1257 391 1379 418 sensu
1411 375 1490 418 dis-

183 463 347 505 »cessit.
410 460 559 503 Voluit
587 460 700 503 enim
727 467 877 500 notare
911 469 1066 509 LUCAS,
1102 455 1234 512 qualis
1259 465 1366 497 esset
1396 471 1488 497 mu-

184 541 321 583 »lieris
349 539 541 583 conditio
576 550 618 581 et
657 536 759 596 quid
792 535 845 577 de
877 534 926 577 ea
961 548 1110 575 omnes
1142 533 1366 575 sentirent'’
1401 533 1488 591 (1),

183 630 227 663 et
256 634 382 661 JOAN.
415 620 499 673 ΙΙΙ,
533 618 605 671 34.
640 616 840 660 »verbum
865 613 1094 673 praesentis
1118 614 1323 670 temporis
1346 613 1487 655 δίδωσι

182 699 459 741 »continuum
500 706 642 738 actum
682 692 865 735 indicat”
901 691 978 750 (2).
1042 693 1254 733 Accurate
1299 689 1489 733 definivit

184 791 426 834 pronomen
458 777 557 818 Act.
593 773 659 828 V,
699 789 772 816 20.
815 776 872 816 τὰ
909 775 1068 829 ῥήματα
1101 776 1171 826 τῆς
1207 775 1307 826 ζωῆς
1338 777 1489 827 ταύτης

183 854 589 897 »demonstrativum
619 852 847 911 apponitur
881 851 1053 906 majoris
1086 849 1349 892 certitudinis
1392 865 1490 891 cau-

182 933 249 975 sa”
267 933 354 990 (3);
390 948 479 974 non
501 933 561 974 ita
588 931 786 989 copulam
812 945 911 973 Luc.
936 930 980 984 I,
1015 932 1089 981 42.
1124 932 1194 972 καὶ
1225 929 1490 985 εὐλογημένος

181 1011 404 1051 »usitatum
439 1020 525 1063 est,
560 1009 759 1066 copulam
801 1008 908 1049 sumi
943 1008 1037 1049 vice
1073 1007 1305 1064 particulae
1344 1023 1490 1049 causa-

179 1087 259 1129 lis’'
283 1086 363 1145 (4).
426 1087 586 1144 Magna
612 1086 741 1127 etiam
770 1095 833 1127 est
858 1087 946 1141 ejus
977 1083 1195 1143 diligentia
1218 1085 1263 1126 in
1289 1084 1491 1143 detegen-

180 1165 245 1207 dis
278 1165 440 1224 figuris,
475 1179 584 1222 quae
617 1164 774 1205 multos
805 1178 858 1206 eo
890 1173 1086 1221 tempore
1120 1163 1331 1206 latuerant
1365 1164 1492 1207 inter-

180 1253 345 1302 pretes,
368 1257 595 1299 earumque
613 1257 696 1300 ope
721 1257 788 1283 res
812 1241 996 1299 explicat
1020 1251 1063 1283 et
1085 1243 1343 1300 scriptorum
1361 1242 1491 1286 fidem

179 1321 387 1377 vindicat,
417 1336 583 1364 MATTH.
606 1320 808 1374 XXVIII,
843 1336 884 1362 2.
909 1323 979 1363 καὶ
1007 1324 1184 1376 ἐκάθητο
1207 1325 1344 1366 ἐπάνω
1365 1324 1493 1367 οὲυτὸυ

180 1411 270 1443 »est
289 1403 453 1458 ὕστερον
481 1403 687 1458 πρὼτερον
713 1399 781 1441 vel
805 1399 955 1441 saltem
979 1400 1175 1458 neglecta
1202 1411 1264 1443 est
1289 1401 1491 1445 historiae

179 1481 333 1523 »series
340 1512 354 1534 ,
389 1481 486 1537 quia
506 1495 595 1522 uon
611 1479 805 1538 protinus
825 1479 1018 1536 apparuit
1039 1479 1212 1536 angelus
1226 1512 1237 1534 ,
1268 1479 1343 1522 sed
1363 1497 1493 1538 quum

181 1575 426 1617 »suspensas
458 1569 503 1601 et
530 1559 671 1600 anxias
697 1557 895 1600 mulieres
921 1558 983 1599 rei
1014 1558 1180 1599 novitas
1202 1567 1245 1599 et
1266 1557 1492 1602 admiratio

182 1637 424 1692 »teneret;’'
465 1638 571 1680 Luc.
605 1637 751 1692 XXII,
783 1635 857 1688 45.
891 1635 1007 1693 quod
1037 1635 1142 1677 dicit
1173 1652 1305 1679 LUCAs
1331 1639 1508 1682 venisse¹

183 1730 403 1758 cnmsrmvt
448 1715 501 1757 ad
545 1715 796 1774 discipulos,
834 1726 897 1757 est
930 1718 1093 1772 ὕστερον
1120 1719 1348 1773 πρώτερον,
1380 1718 1491 1760 sicut

182 1795 310 1836 etiam
337 1794 453 1837 Sect.
480 1794 562 1849 43,
592 1795 665 1836 ubi
686 1795 802 1852 prius
829 1794 1025 1852 angelum
1054 1810 1078 1836 e
1106 1795 1229 1836 coelo
1251 1797 1490 1853 apparuisse

179 1883 347 1928 narrat,
394 1889 520 1932 quam
562 1873 615 1916 de
653 1889 811 1932 angore
853 1888 1027 1915 cnmsrr
1066 1873 1270 1931 loquitur.
1340 1876 1485 1931 Alibi,

180 1952 368 1995 notanda
391 1953 719 2012 praepositionis
741 1950 900 2011 ellipsi,
937 1953 1101 2007 effecit,
1133 1964 1180 1995 ut
1214 1954 1376 1996 facilius
1417 1971 1491 1997 co·

179 2041 407 2088 gnoscatur
429 2033 659 2074 verborum
690 2031 965 2073 constructio.
1028 2032 1135 2074 Luc,
1166 2032 1208 2086 Ι,
1248 2032 1318 2089 73.
1350 2035 1489 2090 ὅρκον,

179 2108 228 2153 ὃν
246 2111 373 2164 ὤμοσε
384 2125 400 2151 .·
427 2110 656 2152 seeundum
673 2108 980 2166 jusjurandum
1010 2108 1199 2151 »Graece
1229 2112 1489 2169 praepositio

178 2201 293 2229 »non
323 2188 585 2246 exprimitur.
647 2187 733 2230 Sed
757 2188 871 2229 hunc
903 2187 1154 2229 familiarem
1192 2188 1360 2247 linguae
1400 2205 1488 2233 esse

177 2281 348 2322 msum,
385 2267 484 2310 satis
506 2278 657 2310 notum
689 2277 776 2322 est,
806 2282 936 2325 quum
967 2281 1127 2310 nomen
1161 2268 1388 2311 accusativi
1422 2283 1488 2310 ca-

216 2430 269 2472 (1)
294 2431 356 2462 Cff.
383 2441 417 2463 v.
444 2442 478 2463 n.
507 2441 595 2463 uzu
621 2434 657 2464 et
682 2441 878 2463 onsuAusmv
902 2431 945 2463 ad
968 2431 1004 2465 h.
1030 2431 1057 2465 l.

215 2487 270 2528 (2)
299 2487 352 2520 Cf.
379 2487 469 2519 inter
493 2488 577 2520 alios
601 2498 709 2519 zuen
735 2488 776 2520 ad
800 2488 836 2520 h.
863 2488 888 2520 l.

217 2542 269 2584 (3)
295 2542 347 2575 cf.
375 2553 483 2582 ΜΖΑ,
512 2554 680 2576 usui-on
706 2548 742 2577 et
766 2554 799 2578 v.
828 2554 862 2576 n.
890 2554 977 2575 »nn
1003 2542 1045 2576 ad
1068 2542 1106 2576 h.
1133 2543 1158 2574 1.

215 2595 269 2640 (4)
293 2599 346 2631 Cs.
373 2606 457 2631 mzu
485 2599 526 2632 ad
552 2599 588 2632 h.
615 2600 638 2633 l.
