1711 3047
728 179 783 220 97

116 322 215 364 ‹lum
239 332 322 374 est,
357 331 399 361 et
419 324 603 376 primum
632 316 802 374 quidem
827 314 880 356 de
907 316 1208 370 conjunctione
1234 314 1409 371 ,vahsei-li

121 412 163 443 et
199 399 452 458 praedicati.
516 397 688 439 Scilicet
722 410 808 436 non
843 408 939 434 raro
974 393 1209 448 subjectum
1252 391 1416 451 praedi-

123 490 219 522 cato
251 479 308 520 ita
335 480 529 534 junctum
559 486 640 530 est,
671 485 716 516 ut
739 473 819 515 alia
844 472 1202 530 interpretationis
1237 471 1416 512 admini-

121 559 215 601 cula
247 556 301 599 ad
327 572 472 598 verum
500 556 726 598 verborum
762 567 928 594 sensum
956 549 1243 592 definiendum
1266 550 1418 590 frustra

121 636 414 689 adhibeantur5
433 650 519 677 e.c.
541 634 612 675 ubi
632 648 719 674 non
738 631 987 687 subjectum,
1010 616 1125 686 quod
1147 628 1235 670 fere
1252 643 1418 685 semper

121 717 311 769 obtinet,
344 713 419 756 sed
458 711 746 771 praedicatum
776 710 920 767 priore
949 709 1050 750 loco
1086 708 1272 766 positum
1301 707 1419 748 inve-

121 795 261 848 nitur,
296 809 460 836 MATTH.
496 791 557 846 V,
595 790 636 833 3.
673 793 863 845 μακάριοι
893 790 933 831 οἱ
955 789 1107 844 πτωχοὶ
1133 790 1190 843 τῷ
1222 791 1423 840 πνεύματι

122 873 239 930 »qui,
279 872 399 914 malis
435 871 586 912 domiti
625 880 667 911 et
702 869 888 922 subacti,
935 883 1023 909 sese
1050 877 1164 908 totos
1197 866 1424 923 subjiciunt

128 968 236 993 »DEo
279 962 322 993 et
356 952 467 992 intus
503 948 713 990 humiliati
745 948 788 989 in
829 949 916 1002 ejus
953 946 1210 1004 praesidium
1247 961 1291 987 se
1329 960 1428 986 con·

127 1029 292 1069 »ferunt
306 1028 342 1080 ;'’
378 1029 481 1068 item
504 1026 616 1068 Sect.
637 1026 678 1068 8.
700 1030 890 1080 μακάριοι
913 1027 952 1067 οἱ
972 1026 1148 1079 καθαροὶ
1177 1029 1229 1079 τῇ
1253 1024 1428 1078 καρδίᾳ,-

128 1106 196 1147 vel
219 1105 291 1147 ubi
307 1105 500 1160 subjecto
521 1102 637 1144 deest
657 1102 877 1156 articulus,
901 1117 940 1144 e.
960 1118 1000 1160 g.
1018 1117 1182 1143 MATTH.
1199 1102 1341 1155 XXII,
1363 1104 1428 1152 14.

127 1184 274 1228 πολλοὶ
307 1186 420 1240 γάρεί
448 1199 486 1226 σι
523 1182 662 1237 κλητοὶ
689 1199 726 1224 κ.
754 1200 790 1224 τ.
815 1182 851 1224 λ.
875 1182 978 1235 ΧΧ,
1020 1182 1086 1224 16.
1118 1181 1236 1224 alibi.
1300 1181 1430 1222 Dein—

130 1263 185 1305 de
208 1261 498 1321 praedicatum
522 1261 756 1318 improprie
783 1259 1078 1318 accipiendum
1102 1276 1213 1313 esse,
1244 1260 1354 1302 bene
1376 1260 1433 1302 vi-

133 1342 196 1383 dit
233 1356 399 1382 MATTH.
435 1340 498 1393 V,
540 1340 606 1382 13.
640 1343 749 1394 ὑμεῖς
781 1343 865 1383 ἐστε
894 1343 939 1382 τὸ
966 1339 1070 1388 ἅλας
1095 1344 1165 1393 τῆς
1200 1344 1272 1393 γῆς
1312 1339 1435 1381 intel-

130 1420 246 1479 „ligit
285 1434 509 1472 CHRISTUS,
542 1419 850 1476 Apostolorum
882 1433 970 1460 esse
999 1434 1169 1472 munus,
1201 1418 1323 1460 salire
1350 1429 1434 1459 ter-

132 1515 273 1553 wam,
310 1498 409 1555 quia
444 1497 534 1538 scil.
569 1497 674 1538 nihil
705 1497 784 1538 nisi
820 1495 1048 1554 insipidum
1079 1497 1265 1538 habeant
1299 1498 1435 1538 homi-

133 1593 253 1631 2›ne5,
287 1576 426 1618 donec
456 1575 542 1617 sale
569 1575 761 1617 eoelestis
785 1574 1004 1617 doctrinae
1036 1574 1197 1616 conditi
1226 1575 1431 1629 fuerint;''

134 1668 177 1699 et
205 1656 551 1710 conjunctionem
580 1655 692 1696 inter
713 1664 937 1711 utrumque
962 1664 1078 1696 reete
1101 1654 1323 1712 explicuit,
1349 1660 1435 1697 sive

133 1750 225 1776 eam
250 1749 337 1775 non
360 1732 630 1786 indicaverit,
662 1748 701 1776 e.
729 1749 768 1775 ο.
794 1749 959 1775 MATTH.
985 1733 1085 1786 XII,
1112 1750 1154 1790 7.
1189 1734 1302 1778 ἔλεον
1327 1734 1436 1777 θέλω

133 1815 203 1856 καὶ
242 1814 288 1855 οὐ
328 1812 495 1854 θυσίαν.
563 1811 733 1852 »ΗοεΕΑ
775 1811 960 1853 caritatis
1000 1812 1200 1869 operibus
1233 1813 1439 1855 sacrificia

132 1899 401 1948 »comparat,
437 1904 615 1930 monens
641 1889 714 1930 illa
745 1890 903 1931 amoris
926 1889 1084 1932 indicia
1111 1892 1283 1947 majoris
1313 1893 1437 1934 aesti-

133 1969 267 2010 „mari
298 1983 422 2024 quam
456 1977 628 2009 externa
661 1968 838 2025 opera;'’
871 1974 958 2010 sive
994 1985 1086 2011 eam
1126 1969 1281 2012 diserte
1312 1987 1435 2014 mon>-

133 2047 344 2100 straverit,
366 2061 403 2087 e.
424 2061 463 2088 c.
488 2060 652 2087 ΜΑΤΤΗ.
672 2045 773 2098 XII,
792 2045 862 2097 34.
886 2046 1000 2088 alibi.

183 2123 467 2178 Quodattinet
492 2123 546 2165 ad
559 2124 750 2178 alterum,
762 2124 876 2181 quod
885 2123 955 2167 hic
967 2126 1225 2170 monendum
1237 2139 1311 2183 est,
1321 2141 1438 2172 recte

135 2207 329 2248 observat
346 2219 552 2246 CALvnws
565 2204 866 2245 sententiarum
885 2220 1058 2258 nexum,
1078 2208 1148 2263 qui
1163 2217 1251 2249 tum
1273 2224 1440 2267 quoque

139 2285 317 2337 obtinet,
327 2299 454 2341 quum
467 2283 579 2324 nulla
589 2283 791 2324 orationis
802 2284 1007 2342 particula
1018 2287 1342 2346 conjungantur,
1354 2304 1390 2331 e.
1401 2305 1438 2331 c.

137 2379 261 2406 JoAN.
277 2363 356 2416 III,
371 2359 442 2404 33.
460 2365 485 2406 ό
501 2362 642 2421 λαβὼν
661 2363 783 2406 αὐτοῦ
800 2367 873 2417 τὴν
887 2366 1112 2421 μαρτυρίαν
1129 2384 1165 2409 κ.
1179 2367 1282 2419 aa„
1300 2369 1358 2409 uti
1377 2379 1438 2422 et,

138 2457 266 2500 quum
280 2441 382 2483 tales
398 2443 717 2485 enunciationes
735 2443 1013 2497 inveniantur,
1034 2461 1209 2503 quarum
1227 2447 1366 2489 nullus
1381 2460 1441 2490 est

139 2536 288 2575 nexus,
310 2521 397 2589 1]ἰείἱ
411 2520 567 2577 aliquid
589 2508 876 2571 subaudiatur,
901 2538 940 2565 e.
965 2539 1003 2565 c.
1027 2524 1078 2566 ad
1099 2540 1222 2567 JOAN.
1242 2527 1342 2579 XX,
1374 2543 1439 2583 17·

137 2606 191 2653 μή
225 2618 303 2654 μου
331 2602 466 2642 ἅπτου
498 2601 622 2642 verba
658 2601 862 2658 quaedam
897 2619 982 2645 esse
1006 2604 1240 2663 supplenda
1273 2617 1416 2648 mouet
1442 2646 1445 2651 .
