1711 3047
722 229 801 273 115

116 372 188 427 18,
217 385 398 429 eumque
429 371 553 413 variis
578 371 778 430 agitatum
803 368 1101 413 affectionibus
1124 369 1409 429 pulcherrime

106 461 327 509 comparat
355 451 452 492 navi
481 450 680 509 procellis
706 451 913 505 jactatae,
949 464 1114 492 MA'rrn.
1139 449 1304 502 XXVI,
1339 449 1409 506 39.

104 535 229 587 πάτερ
265 548 366 585 μου,
399 533 435 573 εἰ
467 531 646 574 δυνατόν
681 532 765 572 ἐστι
803 546 842 571 κ.
876 546 912 571 τ.
954 528 993 571 λ.
1032 528 1256 586 abruptum
1287 528 1412 572 fuisse

105 623 279 651 cmusrl
311 619 460 650 votum
495 607 665 662 dicens,
698 606 770 650 sed
797 605 1003 664 ejusmodi
1024 621 1172 664 preces
1194 621 1282 647 non
1303 621 1411 648 sem·

101 701 181 744 per
212 686 412 729 distincto
442 685 591 729 ordine
614 701 702 728 esse
727 686 1008 744 compositas,
1042 685 1144 742 quin
1165 685 1306 744 potius
1328 684 1409 727 im·

103 765 271 824 plicitas
293 775 335 807 et
357 765 579 823 perplexas
599 764 666 807 vel
689 763 917 823 confligere
944 779 1088 806 secum
1109 763 1176 805 vel
1198 764 1243 804 in
1267 762 1411 806 medio

104 859 228 886 cursu
249 844 473 886 subsistere
487 874 500 897 ,
537 843 645 885 sicut
666 843 782 884 navis
807 842 1007 900 procellis
1019 843 1196 898 jactata,
1223 841 1412 898 quamvis

103 920 159 964 ad
196 933 369 980 portum
404 920 572 975 tendat,
607 937 695 963 non
726 932 869 963 tamen
893 931 1058 962 rectum
1083 931 1125 964 et
1147 920 1412 978 aequabilem

103 1015 272 1042 cursum
290 1011 434 1042 tenere
458 1011 617 1057 potest,
638 1000 744 1042 utin
762 1000 868 1041 mari
887 1000 1048 1056 quieto.
1103 999 1125 1040 J
1129 1014 1202 1040 ure
1221 999 1410 1040 celebrat

102 1091 276 1119 cnmsn
299 1077 574 1118 tenerrimum
598 1086 683 1118 tum
707 1092 806 1134 erga
829 1076 1058 1133 discipulos
1081 1091 1272 1117 amorem
1287 1090 1410 1119 JoAN.

100 1155 218 1209 XIII,
237 1154 308 1197 33.
329 1156 490 1205 τεκνία,
511 1156 572 1198 ἔτι
589 1157 732 1210 μικρὸν
749 1154 846 1209 μεθ’
862 1156 975 1208 ὑμῶν
990 1156 1084 1209 εἶμι.
1105 1162 1198 1196 tum‘
1209 1169 1308 1212 erga
1321 1169 1411 1196 ma-

101 1243 212 1276 trem
246 1235 449 1291 pietatem
487 1233 803 1286 admirabilem,
846 1233 1028 1274 maxime
1066 1233 1101 1275 si
1150 1232 1205 1274 ad
1244 1243 1412 1290 tempus

101 1323 147 1355 et
169 1312 312 1354 locum
334 1311 526 1353 attendas
559 1326 684 1355 JoAN.
711 1312 827 1365 XIX,
857 1311 928 1354 26.
991 1310 1158 1354 Iudicat
1177 1312 1412 1353 Dominum

102 1405 250 1432 omnes
278 1390 405 1432 animi
432 1400 570 1431 motus
596 1390 764 1432 novisse
788 1405 829 1433 e.
855 1405 894 1432 c.
917 1405 1042 1433 JOAN.
1072 1390 1150 1444 IV,
1183 1391 1250 1435 16.
1274 1393 1418 1446 φώνη·

100 1485 172 1514 σον
198 1472 270 1514 τὸν
291 1470 446 1525 ἄνδρα,
485 1484 643 1526 »quum
671 1467 838 1512 videret
870 1484 989 1512 :mstis
1014 1470 1258 1511 scurrilibus
1284 1469 1415 1512 dicte·

101 1548 202 1590 »riis
227 1549 390 1606 excipi,
420 1547 537 1606 quod
553 1546 746 1602 dicebat,
766 1571 823 1579 —
840 1549 1025 1607 percutit
1042 1548 1228 1590 mulieris
1249 1549 1412 1590 consci-

102 1627 288 1669 »entiam
307 1627 472 1684 peccati
490 1625 634 1668 sensu’'
655 1625 733 1684 (1),
760 1642 940 1684 eumque
963 1641 1063 1670 Luc.
1088 1627 1147 1681 X,
1179 1643 1216 1670 1.
1243 1628 1324 1672 <ivd
1341 1628 1414 1672 δύο

102 1705 261 1747 misisse
289 1704 538 1763 discipulos,
576 1705 834 1747 infirmitatis
868 1721 1017 1748 eorum
1046 1706 1191 1748 habita
1221 1707 1411 1761 ratione3

103 1782 366 1825 »timendum
390 1784 504 1825 enim
527 1794 638 1838 erat,
669 1799 724 1826 ne
745 1784 898 1842 singuli
926 1785 1062 1825 minus
1087 1785 1294 1827 haberent
1323 1801 1416 1827 cor·

101 1859 220 1901 „dis”
241 1860 318 1918 (2).
383 1861 521 1903 Porro
539 1861 660 1917 justis
688 1861 813 1904 effert
831 1861 1027 1904 laudibus
1056 1878 1205 1918 marm,
1227 1864 1272 1905 in
1295 1879 1414 1922 prae·

103 1938 288 1981 dicando
299 1940 547 1998 Evangelio,
562 1939 759 1982 ardorem
773 1972 784 1994 ,
802 1956 981 1983 monens
998 1943 1296 2000 repetitionem
1309 1943 1411 1986 Act.

101 2016 186 2071 III,
223 2019 290 2061 16.
323 2020 391 2061 ἐπὶ
419 2025 470 2074 τῇ
493 2019 626 2065 πίστει
657 2023 728 2062 τοῦ
754 2020 954 2073 ὀνόματος
984 2022 1108 2068 αὐτοῦ
1139 2032 1182 2063 et
1204 2024 1250 2064 τὸ
1280 2025 1412 2075 ὄνομα

99 2097 224 2140 αὐτοῦ
251 2107 294 2138 et
314 2112 478 2140 rursum
502 2103 528 2152 η’
547 2098 681 2148 πίστις
704 2103 728 2153 ἡ
752 2098 807 2141 δι’
825 2099 950 2142 αὐτοῦ
970 2114 1058 2145 esse
1079 2099 1265 2143 ardentis
1282 2100 1410 2143 affec·

98 2184 166 2217 tus
181 2174 401 2219 indicium.
439 2175 581 2218 PAum
597 2179 876 2222 constantiam
890 2179 989 2222 Act,
1004 2178 1147 2234 XVII,
1171 2194 1237 2222 10.
1255 2178 1408 2222 exinde

97 2252 236 2308 ducit,
254 2253 371 2312 quod
388 2255 513 2297 toties
529 2256 663 2314 gentis
678 2271 778 2299 suae
794 2258 1110 2300 contumaciam
1134 2269 1177 2301 et
1200 2259 1408 2301 malitiam

97 2344 313 2391 expertuS,
350 2334 469 2376 omni
495 2345 637 2381 tamen
664 2335 818 2379 virium
846 2337 1124 2382 contentione
1145 2336 1191 2380 id
1210 2337 1320 2397 agit,
1359 2348 1407 2379 ut

400 2472 539 2481 ———

136 2546 189 2589 (l)
214 2548 277 2581 eff.
303 2557 480 2587 Rumon,
508 2559 638 2589 Lucu,
667 2558 823 2583 rnotucx
848 2554 883 2584 et
911 2562 1106 2584 ozsniusmv
1134 2551 1174 2584 ad
1199 2551 1236 2585 h.
1264 2552 1287 2583 Ι.

137 2603 191 2645 (2)
215 2605 374 2636 Gnorxus
395 2606 462 2638 εἰει
490 2617 587 2638 »non
608 2610 739 2640 tantum
760 2608 802 2640 ad
822 2618 920 2651 opem
939 2613 1089 2641 mutuam
1104 2630 1113 2648 ,
1141 2608 1200 2640 sed
1220 2608 1254 2639 in
1280 2606 1416 2649 majorim

223 2663 436 2695 »testimonii
460 2663 607 2696 fidem.”

1119 2729 1173 2765 ,ψ
