1711 3047
752 183 811 226 67

126 324 303 368 ΜΑΤΤΗ.
332 322 434 378 XV,
468 322 538 365 26.
569 324 642 366 οὐκ
666 324 776 368 ἔστιν
805 323 932 368 καλὸν
961 323 1104 382 λαβεῖν
1130 342 1168 368 κ.
1192 341 1229 368 τ.
1253 326 1290 369 λ.
1322 325 1435 384 apud

125 419 258 446 manc.
291 403 393 456 VH,
427 417 498 460 27.
530 402 681 444 clarius
708 402 955 461 exprimitur
983 404 1208 446 consilium
1241 420 1433 460 cmusrx,

124 482 195 524 ubi
217 482 414 523 habetur:
442 486 542 535 ἄφες
564 486 724 537 πρῶτον
747 487 1022 539 χορτασθῆναι
1044 486 1095 526 τὰ
1117 483 1255 527 τέκνα.
1295 484 1432 525 Locus

121 559 343 617 parallelus
381 558 510 601 docet
544 559 722 603 subinde
758 561 958 619 magistro
999 560 1210 616 adscribi,
1253 562 1370 619 quod
1408 577 1434 604 a

121 637 334 696 discipulis
364 639 598 697 peragitur,
634 654 672 682 e.
699 654 739 682 e.
762 653 888 682 soAN.
914 639 996 693 III,
1029 655 1106 682 22;
1138 638 1266 694 ἦλθεν
1297 643 1320 683 o‘
1345 640 1432 696 Ἰη-

119 722 209 767 σοῦς
241 743 298 752 --
335 719 404 760 καὶ
449 720 665 774 ἐβάπτισεν
701 717 885 776 explicat
929 733 981 759 ex
1018 717 1101 772 IV,
1152 734 1192 761 2.
1242 719 1433 761 »tametsi

119 796 189 838 »id
209 812 286 855 per
313 796 541 854 discipulos
565 797 717 855 agebat
746 811 972 850 cmus‘rns,
1003 796 1235 854 baptismus
1257 812 1431 839 cnms'rr

118 886 344 929 avocatur,
377 891 501 932 quem
525 890 603 933 per
624 875 804 916 aliorum
834 890 982 916 manus
1010 875 1212 916 contulit”
1234 875 1311 933 (1).
1364 876 1431 918 In-

117 953 234 995 dicat
256 955 316 994 ita
342 954 404 994 rei
431 953 632 994 attributa
655 968 694 995 e.
719 968 758 995 c.
785 967 951 996 MATTH.
977 952 1036 1007 V,
1068 956 1141 1005 42.
1167 958 1224 1010 τῷ
1247 957 1430 999 αἰτοῦντι

116 1048 157 1074 σε
190 1031 305 1074 δίδου
340 1048 377 1072 κ.
401 1047 437 1072 τ.
460 1029 498 1072 λ.
537 1046 616 1071 »ex
648 1045 748 1072 LUC.
784 1029 872 1083 VI,
914 1029 970 1081 34
1005 1041 1048 1072 et
1085 1029 1157 1073 35.
1192 1032 1428 1086 efficimus,

115 1124 360 1150 »cnmszrum
382 1123 407 1150 a
427 1109 512 1150 suis
535 1109 761 1167 gratuitam
781 1107 1110 1150 beneficentiam
1131 1109 1319 1168 exigere”
1341 1109 1426 1169 (2);

114 1187 413 1229 attributorum
445 1202 615 1229 causam
646 1201 772 1230 JoAN.
804 1187 888 1242 XI,
931 1203 968 1230 1.
996 1190 1041 1231 ἐκ
1065 1194 1136 1242 τῆς
1161 1191 1298 1245 κώμης
1325 1196 1428 1234 Μα-

115 1267 205 1321 ρίας
250 1268 320 1308 καὶ
365 1270 552 1320 Μάρθας
611 1267 696 1308 »ita
743 1266 898 1308 dieitur
941 1266 1081 1319 locus,
1130 1268 1228 1325 quia
1276 1269 1428 1311 obscu-

116 1344 231 1385 »rior
260 1345 373 1385 inter
402 1343 548 1386 fideles
580 1359 735 1386 LAZARI
765 1344 879 1386 fama
909 1355 1021 1399 erat,
1054 1360 1179 1402 quam
1209 1361 1424 1390 sororum.

114 1421 251 1464 »Nam
278 1433 448 1465 sanctae
480 1423 583 1465 istae
610 1423 809 1465 mulieres
836 1439 1057 1466 emus'ruM
1089 1424 1277 1483 hospitio
1315 1426 1428 1467 exci-

114 1516 240 1558 »pere
264 1501 485 1555 solebant,
517 1500 876 1558 quemadmodum
899 1518 951 1544 ex
973 1518 1087 1544 LUCA
1110 1503 1311 1561 apparet''
1336 1504 1423 1563 (3);

114 1579 176 1620 rei
205 1580 331 1620 etiam
366 1580 577 1621 rationem
609 1595 773 1622 MATTH.
806 1579 928 1635 VIII,
961 1596 1003 1625 2.
1027 1582 1157 1624 verba
1191 1588 1427 1637 προσεκύνει

115 1659 228 1714 οἷυτῷ
263 1657 523 1716 significant,
560 1659 618 1700 uti
657 1669 775 1717 patet
805 1675 857 1701 ex
891 1675 1058 1703 MATTH.
1093 1661 1135 1715 I,
1177 1664 1254 1716 40,
1292 1679 1424 1721 genu-

112 1735 296 1778 flexione
331 1737 496 1794 signum
529 1738 793 1779 reverentiae
828 1739 1026 1780 exhibere
1055 1738 1131 1796 (4).
1203 1740 1283 1794 Ea,
1315 1756 1422 1798 quae

110 1815 308 1856 universe
350 1813 463 1856 dicta
500 1825 619 1869 sunt,
667 1815 711 1856 in
752 1816 852 1857 loco
891 1816 1097 1874 parallelo
1141 1819 1274 1876 magis
1318 1818 1420 1861 defi-

106 1894 196 1935 nite
219 1894 428 1936 habentur
451 1908 489 1936 e.
514 1908 552 1936 c.
587 1908 751 1937 MATTH.
777 1894 878 1949 VH,
916 1910 982 1938 11.
1014 1896 1134 1939 δώσει
1163 1898 1308 1950 ἀγαθὰ
1335 1903 1421 1948 τοῖς

106 1975 287 2016 αῖτοῦσιν
326 1973 453 2016 αὐτὸν
498 1972 760 2030 explicantur
803 1988 881 2029 per
920 1989 1020 2017 LUC.
1063 1975 1148 2029 XI,
1197 1975 1264 2018 13.
1315 1977 1418 2019 »ubi

106 2066 211 2109 »pro
233 2050 352 2092 bonis
370 2051 550 2092 habetur
573 2051 753 2106 Spiritus
774 2051 842 2104 S.,
867 2066 956 2092 non
979 2051 1206 2095 excludens
1235 2054 1317 2096 alia
1345 2055 1418 2097 be-

105 2129 312 2183 nneficia,
361 2128 435 2171 sed
479 2127 581 2186 quid
628 2129 855 2187 praecipue
901 2130 1135 2187 petendum
1174 2133 1228 2174 sit
1274 2144 1415 2176 osten-

105 2207 256 2250 »dens''
281 2208 361 2266 (5).
401 2207 530 2261 Quod
554 2208 845 2265 metaphorice
865 2207 1024 2250 dictum
1044 2211 1250 2265 occurrit,
1278 2213 1413 2255 altero

142 2382 194 2424 (l)
219 2384 284 2416 eff.
308 2384 514 2427 interpretes
538 2387 725 2430 praecipui.

141 2436 193 2479 (2)
219 2439 281 2471 eff.
310 2450 500 2479 rxsnnon,
529 2453 705 2484 Rumon,
735 2454 922 2476 rnxrzscun
947 2449 983 2478 et
1009 2457 1205 2480 otsnAusmv
1231 2449 1270 2481 ad
1295 2449 1330 2481 h.
1358 2451 1382 2484 l.

143 2495 196 2535 (3)
221 2496 272 2528 Cf.
300 2507 407 2528 tucn
432 2498 472 2529 ad
497 2499 533 2532 h.
562 2501 586 2531 l.

144 2550 198 2592 (4)
224 2549 292 2585 Cff.
320 2563 617 2587 BRETscuNEmEM
643 2557 798 2590 Leaeicon
823 2558 856 2590 in
881 2570 966 2592 voce
990 2563 1026 2593 et
1050 2572 1245 2594 otsnsssmv
1263 2563 1304 2595 ad
1330 2561 1365 2597 h.
1390 2564 1415 2599 l.

142 2607 196 2649 (5)
221 2609 283 2641 eff.
313 2619 487 2651 cnonas,
514 2623 667 2644 mamm
694 2618 729 2646 et
755 2625 949 2648 otsmustn
976 2618 1016 2649 ad
1041 2618 1077 2651 h.
1105 2619 1128 2651 l.

1121 2684 1174 2725 ὅ*
