1711 3047
864 170 948 212 100

264 323 452 362 sensum,
486 323 611 365 quam
636 309 706 365 qui
729 309 868 366 primo
892 310 1046 351 obtutu
1068 312 1206 354 verbis
1225 313 1358 355 inesse
1381 313 1561 359 videtur.

262 387 326 427 Ita
359 401 530 427 CHRISTI
555 386 746 443 dignitati
779 388 885 428 nihil
915 387 1108 446 derogari
1139 392 1371 434 tentatione
1403 391 1564 434 indicat

264 480 429 506 ΜΑΤΤΗ.
464 465 546 518 IV,
588 482 623 508 1.
659 472 927 521 πειρασθῆναι
964 470 1039 510 ὑπὸ
1071 473 1139 510 τοῦ
1172 470 1390 527 διαβόλου,
1431 472 1563 513 »haec

263 544 442 585 »merito
470 554 665 586 censetur
694 546 901 587 humanae
936 556 1108 588 naturae
1136 547 1379 602 infirmitas,
1420 565 1561 590 sensus

263 623 449 664 »moveri
476 623 602 664 rebus
635 624 814 679 objectis
825 656 838 676 ,
872 624 945 666 sed
978 640 1083 682 quae
1115 641 1191 683 per
1221 641 1263 667 se
1294 627 1443 668 vitiosa
1472 643 1560 669 non

265 711 397 742 »esset
419 700 505 758 (1),
535 701 612 742 nisi
637 701 859 743 accederet
881 704 1151 761 corruptio;’'
1177 719 1342 746 MATTH.
1367 705 1468 760 XX,
1491 704 1560 748 23.

264 781 337 823 οὐκ
356 782 464 823 ἔστιν
485 783 581 834 ἐμὸν
599 781 754 830 δοῦναι,
782 782 864 822 »nil
886 782 963 822 sibi
984 781 1158 840 derogat
1177 798 1403 836 cnR1s'rth3
1428 798 1562 840 neque

264 858 404 899 »enim
423 857 476 899 de
497 874 570 900 sua
598 870 805 916 potestate
826 860 897 901 hic
921 859 1124 917 disputat,
1156 859 1229 902 sed
1254 871 1416 902 tantum
1439 876 1563 918 repu-

265 937 369 978 »tari
395 937 508 991 vult,
540 953 738 994 quorsum
761 939 905 979 missus
928 939 1055 980 fuerit
1073 955 1096 980 a
1115 939 1241 981 Patre
1269 951 1311 981 et
1339 939 1439 996 quid
1463 954 1560 981 suae

264 1015 504 1055 »vocationi
527 1017 787 1058 conveniat.”
849 1017 954 1058 Item
974 1032 1106 1059 MARC.
1127 1018 1254 1070 XIII,
1284 1017 1354 1058 32.
1383 1020 1471 1072 περὶ
1493 1021 1564 1070 τῆς

263 1093 412 1148 ἡμέρας
449 1094 621 1148 ἐκείνης,
659 1099 684 1148 ἦ
717 1099 787 1147 τῆς
819 1094 923 1148 ὥρας
959 1095 1087 1142 οὐδεὶς
1121 1091 1250 1144 οἶδεν,
1291 1093 1369 1134 »ad
1411 1109 1560 1135 munus

264 1171 366 1211 »sibi
394 1186 417 1211 a
450 1181 567 1227 patre
592 1172 826 1225 injunctum
849 1172 1051 1228 respexit’'
1073 1171 1148 1227 (2).
1209 1172 1313 1212 Luc.
1335 1172 1460 1224 XIX,
1488 1174 1558 1221 41.

264 1248 457 1291 ἔκλαυσεν
484 1249 547 1290 ἐπ’
566 1250 682 1303 ἀυτῇ.
744 1247 1007 1288 »Prudenter
1027 1262 1194 1304 semper
1218 1246 1451 1287 notandum
1476 1257 1562 1301 est,

263 1342 411 1383 »quam
432 1342 656 1383 personam
675 1327 889 1368 sustineat.
911 1350 966 1355 -
985 1324 1197 1377 Quatenus
1217 1324 1335 1366 datus
1357 1336 1446 1366 erat
1464 1326 1561 1367 huic

263 1405 449 1462 »populo
467 1406 655 1446 minister
670 1406 714 1446 in
731 1405 930 1458 salutem,
947 1420 1026 1461 pro
1043 1403 1172 1444 officii
1192 1404 1253 1444 sui
1269 1392 1432 1445 ratione
1451 1403 1561 1444 illius

733 1484 742 1500 5

264 1484 463 1524 »exitium
496 1483 724 1541 deplorat3’
771 1494 813 1524 et
840 1497 964 1525 JOAN.
987 1483 1069 1535 XI,
1095 1482 1163 1524 33.
1197 1485 1480 1540 ἐνεβριμήσατο
1503 1487 1561 1539 τῷ

263 1569 461 1617 πνεύματι
478 1581 514 1605 κ.
528 1581 563 1605 τ.
577 1563 613 1605 λ.
632 1562 886 1604 »voluntaria
903 1572 1065 1602 tantum
1082 1560 1235 1602 dicitur
1249 1561 1373 1603 fuisse
1388 1577 1558 1602 efflus'rr

265 1643 535 1695 »submissim
573 1643 653 1699 qua
686 1642 845 1683 factum
878 1651 963 1694 est,
1001 1650 1048 1680 ut
1078 1641 1122 1681 in
1152 1641 1316 1682 animae
1343 1641 1562 1682 affectibus

265 1721 413 1761 »nobis
445 1721 588 1761 similis
622 1720 749 1761 esset'’
776 1719 852 1775 (3).

327 1798 466 1838 Porro
488 1796 706 1837 doctrinae
729 1796 988 1836 Christianae
1012 1795 1203 1852 analogia
1225 1795 1411 1836 vindicat
1429 1797 1561 1836 Evan-

267 1875 507 1933 gelistarum
532 1874 826 1915 auctoritatem
846 1871 896 1913 ad
919 1887 1039 1913 JOAN.
1060 1873 1097 1925 I,
1126 1871 1191 1914 13.
1220 1875 1258 1914 οἱ
1283 1874 1354 1914 οὐκ
1374 1874 1416 1921 ἐξ
1441 1875 1564 1926 αἱμά-

266 1971 348 1997 των
369 1978 422 1984 -
440 1957 728 2007 ἐγέννήθησαν.
783 1950 987 1991 »Videtur
1009 1949 1271 2007 Evangelista
1292 1959 1561 2006 praepostere

266 2033 653 2090 »regenerationem
667 2032 807 2071 facere
822 2028 904 2070 fide
919 2029 1120 2086 priorem,
1138 2044 1264 2084 quum
1278 2029 1416 2085 potius
1432 2027 1556 2069 effec-

268 2122 360 2153 »tus
376 2112 428 2152 sit
444 2110 541 2153 fidei
556 2142 566 2164 ,
591 2110 773 2166 ideoque
791 2108 1016 2166 posterior.
1066 2105 1321 2164 Respondeo
1339 2117 1561 2163 utrumque

272 2211 290 2227 »
302 2191 462 2248 optime
475 2188 718 2230 convenire:
736 2189 832 2243 quia
849 2197 890 2227 et
901 2186 983 2227 fide
996 2186 1257 2243 concipimus
1271 2186 1564 2244 incorruptibi-

272 2269 336 2309 »le
352 2283 493 2309 semen
506 2299 516 2319 ,
532 2281 615 2322 quo
633 2266 675 2306 in
699 2280 854 2306 novam
872 2275 915 2306 et
936 2264 1117 2305 divinam
1139 2265 1266 2305 vitam
1289 2265 1559 2305 renascimur.

312 2428 363 2470 (l)
389 2427 509 2459 Eadem
535 2427 604 2458 fere
629 2435 788 2456 numm:
814 2424 847 2454 in
872 2423 958 2454 libro
982 2423 1070 2454 tiber
1092 2423 1150 2454 die
1178 2421 1442 2464 Sandlosiykeit
1464 2431 1558 2454 saw.

310 2484 360 2527 (2)
387 2484 448 2515 Cff.
477 2493 649 2520 GRO'rlle,
677 2491 921 2512 unumunurn
948 2480 989 2510 in
1016 2479 1171 2512 Scholiis
1194 2482 1229 2511 et
1249 2488 1352 2510 senor
1377 2478 1570 2510 Comment.

388 2538 429 2570 ad
453 2539 489 2569 h.
513 2539 538 2569 l.

305 2594 357 2638 (3)
383 2596 445 2629 cff.
473 2605 637 2626 »ism-ron
665 2597 699 2625 et
725 2603 877 2624 τιῑοιιταῐς
907 2592 948 2623 ad
974 2589 1007 2622 lx·
1037 2592 1059 2622 Ι,
