1711 3047
838 173 896 215 50

221 317 348 359 fidem
396 315 441 358 S.
497 315 750 374 scriptorum
792 313 1036 357 vindicandi
1085 315 1224 358 studio
1271 317 1520 376 explicanda

220 405 341 450 sunt,
375 409 482 452 quae
516 393 571 436 ad
612 395 710 437 Act.
745 394 849 448 XII,
888 392 960 440 33.
1002 397 1045 439 ἐν
1079 399 1135 452 τῷ
1167 397 1338 454 δευτέρῳ
1368 397 1521 456 ψαλμῷ

222 474 303 516 ait:
340 473 538 515 »tametsi
564 473 609 514 in
636 488 815 515 numero
842 473 1110 515 consentiunt
1132 474 1284 517 Graeci
1309 476 1488 519 Codices
1505 507 1517 531 ‚

220 569 338 596 »non
368 563 510 594 tamen
541 551 912 609 praetereundum,
940 551 1055 609 quod
1080 567 1269 596 ERAsivms
1289 554 1491 597 admonet
1507 587 1519 610 ,

219 652 236 668 »
250 632 405 673 multos
424 646 474 673 ex
491 631 701 672 veteribus
718 630 932 671 Psalmum
951 631 1134 688 primum
1150 631 1313 689 legisse.
1359 634 1414 674 Et
1430 633 1521 675 fieri

218 720 387 768 »potest
401 742 412 764 ,
443 720 490 750 ut
509 724 640 750 LucAs
659 709 719 750 ita
741 709 982 766 scripserit3
1016 725 1115 750 nam
1136 710 1206 766 qui
1227 709 1357 752 hodie
1372 727 1520 753 secun-

218 809 236 826 »
251 787 327 830 dus
346 788 536 830 Psalmus
557 788 761 841 habetur,
789 802 879 828 non
901 788 989 829 sine
1013 788 1178 830 ratione
1197 789 1355 846 primus
1376 790 1521 831 vocari
1540 790 1546 792 ⁷

215 888 232 904 »
245 868 411 925 potuit,
448 866 618 924 quando
652 866 866 908 Psalmum
896 867 1083 924 primum
1113 868 1336 925 probabile
1373 879 1462 922 est,
1497 883 1521 910 a

215 946 394 987 »scribis
417 955 460 986 et
479 943 796 998 sacerdotibus,
829 960 1011 1002 quorum
1043 960 1175 1003 opera
1203 946 1248 986 in
1269 962 1400 988 unum
1425 962 1521 988 cor-

218 1045 235 1061 »
245 1039 321 1081 pus
336 1023 508 1066 collecti
520 1034 616 1064 sunt
627 1023 804 1077 Psalmi,
821 1024 1033 1081 prooemii
1047 1024 1139 1065 vice
1153 1024 1277 1066 fuisse
1291 1023 1520 1066 additum.'⁷

216 1101 348 1159 Igitur
383 1099 484 1157 quid
507 1100 733 1159 legendum
769 1102 822 1142 sit
859 1116 948 1142 non
982 1100 1153 1156 definit3
1199 1101 1273 1144 sed
1303 1101 1521 1159 quomodo

213 1178 344 1219 lectio
374 1177 611 1231 difficilior,
635 1179 747 1219 salva
769 1178 967 1235 Apostoli
990 1188 1060 1219 aut
1082 1194 1221 1220 LUCAE
1245 1180 1520 1234 auctoritate,

216 1257 355 1315 accipi
376 1257 532 1314 possit,
557 1256 662 1298 scite
684 1266 831 1298 monet
850 1255 928 1314 (1).

272 1335 318 1376 Si
356 1351 379 1377 e
412 1334 572 1376 duabus
611 1335 864 1376 lectionibus
900 1344 1007 1376 esset
1042 1333 1304 1392 eligendum,
1346 1350 1520 1391 quarum

214 1413 421 1455 sententia
447 1427 597 1471 parum
619 1413 684 1455 vel
714 1412 819 1454 nihil
846 1411 1128 1469 discreparet,
1159 1427 1246 1453 non
1282 1412 1404 1454 valde
1433 1423 1522 1455 erat

215 1491 426 1544 curiosus3
459 1491 518 1532 ita
546 1491 645 1534 Act.
682 1491 766 1544 III,
799 1505 868 1532 20.
900 1489 1003 1547 legit
1030 1491 1406 1546 προπεχειρισμένον
1438 1506 1520 1548 pro

215 1568 611 1626 προκεκηρυγμένον,
637 1579 680 1611 et
702 1568 763 1622 V,
798 1567 869 1610 36.
889 1567 1118 1610 lectionem
1146 1569 1357 1625 sequitur:
1392 1568 1521 1622 λέγων

215 1647 322 1694 εἷναί
349 1668 443 1694 τινα
464 1650 615 1704 μέγαν,
648 1663 750 1707 prae
785 1648 915 1701 λέγων
947 1645 1054 1692 εἷναί
1082 1666 1175 1692 τινα
1203 1650 1350 1692 ἑαυτὸν
1371 1648 1517 1702 μέγαν.

217 1727 395 1780 Quoties
425 1744 526 1770 vero
556 1729 811 1786 praecipuae
844 1727 1106 1768 auctoritatis
1126 1726 1329 1779 Codices,
1354 1727 1398 1768 in
1421 1727 1520 1768 loco

217 1806 425 1864 quodam,
472 1805 575 1846 duas
616 1805 821 1847 lectiones
856 1814 1105 1862 proponunt
1145 1805 1380 1857 variantes,
1426 1819 1520 1845 eam

216 1885 436 1943 praetulit,
460 1899 565 1942 quae
584 1898 749 1925 sensum
768 1882 916 1923 afferat
933 1897 1078 1923 sanum
1092 1914 1103 1935 ,
1128 1881 1195 1924 vel
1215 1881 1269 1923 ad
1284 1881 1520 1923 faciliorem

216 1973 437 2005 contextus
460 1962 786 2021 explicationem
806 1959 908 2018 quid
930 1960 1146 2014 conferat3
1170 1961 1229 2002 ita
1246 1961 1342 2002 Act.
1363 1960 1423 2013 X,
1444 1959 1515 2002 30.

215 2042 344 2084 habet
379 2046 486 2099 ᾔμην
524 2046 746 2097 νηστεύων,
789 2054 878 2081 non
912 2037 1018 2095 ἤμην
1054 2038 1273 2092 sedebam,
1318 2037 1519 2095 quemad—

213 2119 391 2162 modum
418 2121 463 2162 in
497 2120 638 2162 multis
671 2117 891 2161 codicibus
923 2118 1137 2160 invenitur
1162 2116 1247 2175 (2);
1281 2117 1384 2158 item
1415 2116 1514 2158 Act.

215 2200 358 2254 XXII,
402 2203 469 2250 14,
508 2199 738 2240 lectionem
769 2197 956 2254 sequitur
984 2199 1054 2239 καὶ
1091 2198 1191 2240 ἰδεῖν
1224 2199 1297 2241 τὸν
1334 2197 1516 2248 δίκαιον,

255 2381 307 2423 (l)
332 2381 428 2413 Inter
452 2380 535 2412 alios
561 2390 755 2411 otsnmsmv
782 2378 896 2411 eadem
924 2377 1050 2417 habet,
1077 2387 1163 2418 quae
1190 2386 1380 2416 cuvnws,
1407 2378 1447 2408 ut
1472 2386 1528 2408 os-

338 2435 478 2474 tendat,
506 2436 565 2476 qui
589 2437 738 2474 sactum,
765 2436 805 2465 ut
825 2434 975 2473 effatum,
999 2433 1033 2465 in
1054 2432 1187 2466 Psalmo
1202 2432 1350 2464 secundo
1365 2431 1522 2471 obvium,

337 2492 443 2534 primo
469 2491 648 2524 tribuatur.
676 2492 722 2524 cf.
750 2500 895 2521 Bowrm.
921 2490 946 2523 l.
973 2500 1005 2523 c.

257 2548 308 2587 (2)
333 2548 412 2579 Cum
440 2549 557 2579 nostro
583 2549 709 2588 agunt,
737 2556 843 2586 nu,
871 2555 1062 2586 mscuon,
1103 2555 1281 2587 Rumon,
1312 2552 1522 2579 GRIBSBACB,

341 2614 371 2636 v,
402 2615 433 2637 n.
463 2614 549 2635 rum
577 2607 611 2637 et
637 2614 830 2636 otsnAusEn
856 2603 896 2635 ad
920 2603 954 2634 h.
980 2603 1004 2635 l.
