1711 3047
823 271 873 308 28

209 383 445 430 videndum3
477 382 594 433 magis
627 390 752 419 autem
778 380 892 418 debet
911 378 1033 429 judex
1062 392 1098 416 se
1126 378 1316 416 abstinere
1346 378 1474 427 hujus-

207 464 310 502 modi
343 463 534 502 divisione
550 479 559 511 3
603 463 776 514 alioquin
804 461 1008 514 praestatio
1036 459 1232 511 vectigalis
1259 458 1472 497 confunde-

205 555 281 584 tur.
298 561 315 581 »
350 547 455 582 Patet
480 545 596 596 igitur
620 542 831 594 quamlibet
856 551 1001 594 partein
1026 539 1140 577 fundi
1169 554 1237 592 pro
1261 549 1338 578 toto
1357 554 1474 578 cauo—

215 640 263 664 ne
290 627 425 664 teneri.

267 708 506 757 Quamquam
533 707 575 743 in
608 719 709 743 novo
735 713 863 741 nostro
896 701 1027 740 codice
1064 700 1166 738 nihil
1195 714 1370 752 expresse
1399 700 1476 738 die-

206 797 287 825 tum
324 789 390 835 sit,
417 801 529 838 quam
556 785 713 824 heredes
746 784 1026 836 Emphyteutae
1052 781 1191 834 agendi
1220 782 1403 819 rationem
1424 795 1476 818 se-

206 869 272 919 qui
296 867 486 916 debeant,
515 868 586 906 hoc
614 876 741 905 tamen
767 865 881 903 facile
917 864 1044 915 colligi
1083 871 1205 916 potest
1233 877 1279 900 ex
1313 863 1475 901 articulo

205 947 310 996 775,
352 963 426 999 quo
464 950 589 1000 agitur
629 948 676 986 de
713 947 871 986 canonis
910 945 1128 998 praestandi
1155 945 1394 997 obligatione
1434 945 1475 982 in

204 1044 311 1079 casu,
339 1045 413 1081 quo
438 1030 585 1067 fundus
612 1030 711 1066 inter
738 1029 867 1081 plures
895 1027 1044 1065 divisus
1075 1027 1135 1064 sit.

258 1112 380 1164 Igitui·
407 1111 510 1163 apud
537 1125 604 1148 nos
630 1123 779 1147 necesse
800 1123 877 1147 non
904 1117 982 1155 est,
1015 1117 1055 1145 ut
1082 1106 1240 1144 heredes
1254 1107 1322 1144 tali
1345 1121 1382 1144 se
1406 1108 1478 1145 ab-

205 1193 373 1230 stineant
408 1191 624 1240 divisione,
666 1191 733 1229 sed
772 1191 930 1227 canonis
969 1189 1261 1241 praestationem
1300 1187 1476 1227 dividere

206 1288 284 1312 non
305 1282 463 1325 possunt
477 1303 488 1321 ‚
517 1272 649 1310 saltem
675 1273 706 1310 si
728 1272 908 1310 dominus
939 1269 988 1308 ad
1023 1268 1065 1306 id
1093 1283 1171 1307 non
1195 1270 1420 1308 consentiat.

799 1431 891 1483 §5-

257 1596 536 1649 Emphyteutae
563 1609 740 1634 concessa
766 1605 844 1643 est,
874 1603 916 1632 ut
929 1595 993 1644 jus
1014 1606 1124 1631 suum
1150 1602 1283 1631 contra
1314 1593 1473 1644 quemli-

205 1678 270 1716 bet
284 1708 294 1726 ,
317 1679 430 1715 etiam
445 1687 576 1715 contra
589 1678 713 1729 ipsum
729 1675 926 1713 dominum
940 1707 951 1723 ,
974 1676 1004 1713 si
1020 1675 1184 1726 vectigal
1198 1675 1374 1722 solverit,
1394 1684 1474 1713 tue-

206 1761 239 1797 ri
264 1759 382 1812 possit
403 1788 413 1806 ,
442 1757 561 1796 Utilis
582 1758 636 1795 rei
669 1756 882 1795 vindicatio
902 1767 937 1794 et
963 1757 1071 1794 Actio
1096 1756 1335 1793 Publiciana.
1361 1754 1399 1806 l)
1427 1756 1475 1793 Et

208 1841 390 1892 quoniam
423 1840 680 1891 Emphyteuta
710 1838 877 1892 possidet
915 1838 1080 1876 fundum
1109 1837 1446 1890 Emphyteuticum
1463 1866 1473 1884 ,

209 1924 275 1974 qui
304 1923 494 1972 objectum
516 1930 569 1958 est
590 1921 689 1970 juris
715 1920 793 1967 sui,
823 1921 935 1957 etiam
973 1919 1086 1957 habet
1120 1918 1370 1957 interdictum
1404 1919 1471 1956 Uti

199 2005 428 2053 possidetis,
459 2001 709 2040 interdictum
723 2003 768 2038 de
794 2001 847 2038 Vz·
874 2011 910 2039 et
930 2001 1180 2039 interdictum
1205 2002 1250 2037 de
1263 2001 1474 2038 Preeario.

204 2086 299 2122 Nam
326 2098 552 2135 quamquam
580 2083 837 2136 Emphyteuta
862 2082 977 2120 habet
1004 2091 1151 2120 tantum
1173 2084 1239 2132 jus
1260 2082 1303 2119 in
1324 2096 1362 2119 re
1384 2082 1474 2120 alie-

206 2180 272 2213 na,
314 2165 400 2202 ideo
426 2174 551 2202 tamen
580 2176 657 2203 non
678 2165 711 2202 ei
733 2164 958 2215 deneganda
984 2174 1037 2202 est
1058 2165 1221 2215 posessio
1250 2163 1390 2209 fundi,
1435 2174 1474 2202 ut

252 2441 284 2481 1)
332 2443 378 2472 Cf.
405 2442 456 2472 lex
482 2441 512 2472 1.
540 2442 631 2481 Dig.,
648 2442 678 2471 si
693 2442 780 2481 Ager
804 2442 931 2480 Vectig.
952 2442 997 2472 Cf.
1023 2442 1094 2471 Lex.
1115 2441 1145 2472 2.
1164 2440 1244 2473 Cod.
1269 2440 1318 2473 Cf.
1336 2441 1397 2471 lex.
1413 2440 1468 2471 73.

206 2505 277 2544 Dig.
300 2505 340 2534 de
363 2505 421 2535 Rei
436 2504 679 2534 Vindicatione.
715 2505 745 2533 L.
786 2503 833 2534 12,
861 2504 877 2545 ᾗ
903 2503 933 2533 2.
959 2504 1029 2543 Dig.
1056 2504 1097 2534 de
1118 2503 1311 2535 Publiciana
1337 2504 1370 2533 in
1398 2513 1466 2533 rem

209 2567 357 2596 actione.
