1711 3047
773 194 853 234 105

178 351 267 378 rem
307 335 432 376 fuisse
468 334 801 376 animadversam
843 332 911 374 die
954 336 1142 390 sequenti
1181 334 1258 392 (1).
1323 335 1393 376 Sic
1428 351 1478 377 ex

178 413 343 454 diverso
368 412 625 470 scriptorum
655 411 834 453 consilio
863 410 1073 453 diversum
1102 412 1478 456 daemoniacorum

179 508 400 534 numerum
441 507 528 533 esse
575 489 813 532 ducendum
857 489 1037 544 docens,
1079 491 1280 532 conciliat
1316 481 1501 533 MATTHJ

179 570 303 625 VIII,
342 571 421 626 23,
453 572 525 613 ubi
552 570 604 613 de
628 570 815 623 (luobus,
851 585 950 611 cum
982 585 1117 612 MAnc.
1152 570 1213 623 V,
1250 585 1290 612 2.
1316 581 1358 612 et
1385 585 1482 612 Luc.

178 649 303 704 VIII,
357 666 437 707 27,
472 651 543 691 ubi
579 649 631 690 de
669 663 755 690 uno
787 649 949 690 mentio
989 647 1052 690 fit.
1117 648 1225 689 Item
1266 649 1487 706 componit

179 743 473 782 MATTHAEUM,
517 729 587 785 qui
635 727 839 781 XXVIII,
897 743 931 769 1.
978 726 1078 768 duas
1123 742 1283 768 MARIAS
1323 727 1486 768 venisse

181 806 305 861 dicit,
339 822 438 848 cum
469 822 636 860 MAnco,
667 807 737 864 qui
761 806 888 860 XVI,
930 821 966 849 1.
994 820 1191 847 SALOMEN
1218 805 1387 847 tertiam
1417 803 1487 846 ad-

175 887 334 945 jungit,
366 896 407 928 et
439 901 577 927 Lucu:
604 886 703 927 loco
732 885 895 939 XXIV,
929 901 973 939 1,
1002 885 1072 926 ubi
1103 883 1156 926 de
1182 884 1370 942 pluribus
1400 899 1488 925 mu-

182 964 354 1005 lieribus
383 979 523 1005 sermo
552 974 628 1005 est.
668 963 896 1005 Probabile
919 963 1030 1005 enim
1058 978 1145 1004 esse
1171 963 1251 1004 ait:
1286 976 1487 1003 »MARIAM

182 1056 509 1083 »MAGDALENAM
549 1057 645 1082 cum
683 1043 812 1082 altera
848 1042 1028 1093 comite,
1069 1051 1165 1081 ante
1202 1040 1301 1081 alias
1343 1039 1397 1081 ad
1429 1054 1490 1082 se·

177 1119 402 1178 »pulcrum
434 1118 633 1160 venisse.''
695 1116 862 1159 Deinde
888 1133 1019 1159 unum
1044 1128 1206 1159 tantum
1230 1133 1490 1160 commemo-

180 1197 265 1240 rari
299 1197 494 1255 angelum
526 1213 550 1238 a
576 1211 739 1239 MATTH.
771 1196 976 1250 XXVIII,
1013 1196 1101 1239 3-6.
1136 1207 1178 1238 et
1206 1211 1340 1239 MARc.
1365 1197 1489 1251 XVI,

186 1274 225 1318 5.
255 1275 422 1329 scribit,
459 1275 556 1332 quia
586 1290 692 1315 unus
726 1275 906 1316 maxime
942 1274 1144 1332 loquendi
1181 1275 1342 1317 vicibus
1372 1275 1489 1318 func·

184 1364 249 1395 tus
271 1363 333 1394 est
350 1352 426 1410 (2).
491 1353 811 1410 Discrepantiae
833 1354 1017 1410 speciem
1038 1354 1170 1407 tollit,
1188 1353 1408 1396 attendens
1436 1354 1490 1396 ad

181 1430 361 1473 diversas
397 1446 539 1473 rerum
576 1436 822 1488 περιστάσεις
854 1447 892 1474 e.
929 1447 966 1474 c.
1007 1431 1122 1491 apud
1162 1448 1326 1475 MATTH.
1361 1431 1485 1488 VIII,

182 1510 301 1554 5-13.
329 1511 401 1552 ubi
421 1516 608 1553 centurio
634 1510 788 1552 dicitur
810 1510 922 1569 apud
942 1527 1160 1553 cnmsrmu
1184 1512 1367 1564 venisse,
1390 1527 1489 1555 cum

181 1589 294 1648 apud
323 1605 422 1632 Luc.
455 1589 558 1643 VII,
591 1605 702 1632 1·10.
731 1590 890 1631 misisse
916 1605 966 1631 ex
993 1589 1160 1631 Judaeis
1180 1589 1383 1647 quosdam
1403 1590 1485 1633 fer-

182 1678 278 1721 tur,
322 1669 393 1725 qui
432 1683 508 1710 suo
553 1668 726 1710 nomine
759 1669 888 1709 verba
929 1669 1146 1723 facerent,
1193 1667 1338 1711 dicens
1379 1684 1487 1711 MA'r-

179 1761 360 1788 THAEUM
395 1762 485 1788 non
526 1748 671 1804 inepte
709 1747 747 1788 ei
789 1747 1002 1801 tribuere,
1043 1747 1159 1805 quod
1203 1751 1291 1804 ejus
1337 1759 1488 1808 rogatu

179 1824 339 1866 factum
373 1825 440 1867 sit.
506 1825 643 1866 Porro
682 1839 940 1866 MATTHAEns
973 1826 1157 1883 graviter
1188 1825 1488 1870 discruciatum

177 1903 302 1945 fuisse
344 1902 697 1960 puerumdicit,
740 1919 872 1945 LUCAs
913 1915 1054 1946 autem
1098 1905 1228 1947 morti
1269 1906 1484 1948 vicinum:

180 1992 405 2038 utrumque
444 1981 498 2023 ad
539 1980 829 2024 illustrandam
879 1982 1073 2024 miraculi
1125 1983 1303 2041 gloriam
1345 1984 1488 2026 valere

182 2060 239 2102 ait
256 2060 332 2118 (3).
397 2061 594 2102 Diversas
617 2065 863 2116 περιστάσεις
887 2071 1003 2102 recte
1033 2061 1352 2120 distinguendo,
1383 2078 1489 2104 MAT-

180 2154 360 2180 THAEUM
379 2170 390 2192 ,
426 2139 496 2195 qui
526 2138 628 2193 XV,
659 2155 698 2180 2.
727 2150 898 2194 narrat,
931 2155 1149 2181 cnmsrmu
1183 2140 1323 2198 plures
1360 2141 1486 2183 variis

181 2219 343 2260 morbis
381 2218 558 2259 affectos
595 2233 781 2273 sanasse,
819 2234 916 2260 cum
949 2234 1096 2261 MARCO
1138 2219 1380 2277 componit,
1416 2219 1487 2276 qui

181 2298 301 2338 unius
333 2306 496 2338 tantum
529 2297 748 2339 meminit:
793 2297 891 2340 »sed
924 2312 1092 2340 MARCUS
1121 2298 1371 2340 miraculum
1409 2298 1487 2340 sibi

222 2457 274 2498 (1)
300 2457 351 2489 Cf.
378 2467 530 2488 Rumon.
555 2457 598 2488 ad
622 2457 658 2490 h.
685 2458 710 2490 l.

223 2513 276 2554 (2)
304 2515 366 2546 Cff.
396 2524 562 2545 mscuon
588 2517 623 2545 ct
649 2524 801 2545 Rumon
826 2514 866 2546 ad
891 2514 927 2547 h.
954 2515 977 2546 l.

223 2570 274 2609 (3)
300 2570 353 2602 Cf.
376 2580 459 2600 uzi
483 2570 524 2601 ad
544 2580 649 2602 tucn
675 2571 800 2603 locum.
848 2571 916 2604 Alii
933 2570 998 2605 alini
1020 2572 1150 2606 ratione
1175 2572 1359 2603 conciliant
1381 2571 1494 2608 diver-

306 2636 357 2658 sas
383 2626 602 2659 narrationes.
