1711 3047
873 267 923 303 25

261 377 342 425 jure
380 377 504 428 patrio
540 375 780 414 observatum
822 384 900 422 est,
942 384 1034 412 teste
1075 374 1318 428 Grotio‚l)
1353 375 1530 414 dicente:

265 466 334 494 «te
376 466 500 494 weten
518 488 526 504 ‚
569 456 636 494 dat
660 456 736 494 den
764 455 956 507 erfpagter
983 470 1055 493 aan
1087 471 1156 494 een
1179 457 1300 495 ander
1326 458 1400 508 zijn
1428 456 1535 494 recht

265 552 381 590 «mag
401 539 594 576 overdoen
610 569 619 586 ‚
648 537 871 576 behoudens
898 536 975 575 den
1003 538 1188 589 eijgenaer
1215 540 1310 589 zijnc
1334 539 1534 589 naestinge

273 634 291 653 «
307 620 457 657 binnen
484 622 513 657 's
545 622 646 671 jaers
675 634 724 657 na
750 619 940 656 bekomen
966 619 1146 657 kennisse
1163 635 1172 669 3
1191 635 1210 656 n
1244 619 1347 670 quod
1373 619 1487 657 etiam
1514 632 1534 655 a

258 716 347 739 van
376 702 607 739 Leeuvven
635 699 676 752 2)
705 700 877 739 docetur.

311 783 433 834 Igitur
474 797 515 820 eo
542 792 706 834 tempore
748 782 1005 834 Emphyteuta
1034 796 1101 820 suo
1124 784 1212 833 jure
1240 797 1320 821 non
1351 781 1536 835 privaba-

259 874 320 901 tur
335 894 344 911 ,
373 878 599 914 quamquam
625 864 783 902 domino
799 864 1137 902 denunciationem
1152 866 1276 902 facere
1291 865 1508 917 neglexerit
1523 880 1531 911 3

256 945 323 982 sed
342 954 459 982 emtor
477 945 544 982 ille
560 974 570 992 ‚
591 946 657 994 qui
671 959 794 983 novus
814 945 1071 997 Emhpyteuta
1097 946 1219 984 factus
1241 955 1312 994 est,
1335 960 1402 998 per
1416 955 1536 984 totum

256 1039 401 1063 anuum
423 1025 464 1062 in
488 1026 661 1077 periculo
681 1026 927 1073 versabatur,
970 1040 1018 1063 ne
1040 1026 1220 1065 dominus
1240 1029 1328 1077 jure
1355 1042 1421 1065 suo
1447 1041 1531 1080 pro-

256 1108 427 1145 timeseos
452 1108 507 1145 uti
535 1108 713 1159 cupiens,
743 1108 776 1145 ei
800 1108 992 1159 pretium,
1034 1108 1137 1159 quod
1178 1108 1336 1147 dederat
1363 1110 1532 1161 Emphy-

258 1198 383 1226 tentae
430 1189 643 1237 alienanti,
691 1189 845 1238 offerat,
898 1203 1058 1240 eumque
1099 1204 1146 1227 ex
1184 1191 1307 1229 fundo
1344 1191 1531 1242 expellat.

257 1271 362 1319 Quid
397 1272 500 1308 enim
535 1271 710 1322 alioquin
743 1271 861 1309 verba
879 1286 885 1308 ι
922 1286 939 1305 «
956 1271 1108 1310 binnen
1125 1274 1154 1309 ’s
1175 1274 1276 1323 jaers
1293 1289 1310 1308 »
1334 1272 1532 1324 significa-

256 1354 374 1390 rent?
416 1353 571 1390 Etenim
604 1367 682 1391 non
715 1353 903 1391 credibile
939 1362 1015 1400 est,
1053 1367 1181 1392 eorum
1208 1353 1531 1406 significationem

255 1434 354 1472 hanc
382 1448 477 1472 esse:
508 1434 789 1487 Emphyteutae
810 1449 905 1487 opus
931 1450 1011 1473 non
1032 1445 1110 1483 est,
1142 1445 1182 1474 ut
1198 1436 1346 1474 domini
1374 1450 1532 1474 consen-

255 1530 337 1553 sum
358 1516 498 1553 habeat
519 1516 568 1553 ad
584 1517 648 1566 jus
673 1530 781 1554 suum
803 1516 1055 1554 alienandum
1069 1548 1079 1564 ,
1101 1517 1168 1556 sed
1183 1548 1193 1565 ,
1215 1517 1395 1556 dominus
1417 1517 1533 1556 habet

255 1606 403 1649 tempus
441 1599 558 1635 totius
597 1598 714 1645 anni,
757 1598 807 1636 ad
833 1597 1071 1636 voluntatem
1097 1613 1203 1637 suam
1228 1599 1505 1639 declarandam
1523 1631 1532 1648 ‚

253 1689 453 1731 postquam
490 1680 524 1716 ei
562 1679 738 1717 venditio
778 1661 1078 1732 Emphyteuseos
1114 1682 1298 1719 nunciata
1331 1683 1405 1730 sit,
1448 1683 1531 1721 loco

253 1760 417 1798 duorum
455 1762 667 1809 mensium,
709 1761 805 1812 Lege
834 1762 1003 1799 Romana
1031 1763 1353 1816 praescriptorum
1369 1780 1378 1814 3
1423 1764 1532 1802 illius

253 1843 357 1880 enim
381 1844 562 1895 temporis
595 1842 857 1894 longinquitas
891 1844 1006 1882 nimis
1032 1843 1214 1883 damnosa
1252 1846 1533 1898 Emphyteutae

253 1924 414 1963 evadere
439 1925 592 1977 poterit.

308 2007 447 2044 Utrum
480 2008 568 2056 jure
606 2006 795 2044 hodierno
835 2006 961 2044 adhuc
997 2007 1176 2046 dominus
1200 2008 1339 2047 habeat
1353 2011 1417 2059 jus
1443 2025 1528 2062 pro-

254 2088 450 2136 fimeseos,
487 2087 706 2138 negandum
749 2087 916 2126 videtur.
985 2089 1127 2127 Saltem
1168 2090 1362 2128 distinctis
1402 2092 1530 2130 verbis

255 2169 447 2220 legislator
486 2170 527 2206 in
560 2169 691 2207 codice
730 2169 778 2208 de
818 2170 935 2208 hocce
974 2181 1197 2223 argumento
1224 2187 1303 2209 nou
1332 2172 1528 2223 loquitur,

252 2265 479 2302 quamquam
511 2265 557 2288 ex
585 2251 674 2289 solis
705 2252 856 2290 verbis:
893 2253 987 2303 «Hij
1017 2254 1048 2291 is
1075 2254 1247 2305 bevoegd
1274 2268 1332 2292 om
1362 2255 1529 2307 zijnregt

302 2456 332 2494 1)
381 2458 425 2488 De
451 2459 573 2498 Groot>
600 2459 778 2498 Inleiding.
806 2466 871 2490 etc.
899 2461 966 2491 Lib.
994 2460 1024 2491 2.
1052 2472 1123 2503 cap,
1150 2461 1204 2492 40.
1232 2463 1247 2503 gi
1272 2463 1303 2492 6.

298 2518 331 2559 2)
381 2521 410 2550 S.
437 2532 498 2551 van
524 2521 709 2562 Leeuwen‚
735 2523 855 2553 Romus
880 2523 1038 2554 Hollands
1059 2528 1142 2563 reat.
1167 2523 1196 2554 2.
1222 2525 1330 2564 Boek‚
1356 2523 1408 2556 10.
1429 2525 1524 2565 deel,

254 2582 310 2613 No.
339 2581 369 2613 3.
