1711 3047
807 173 887 214 135

185 329 291 372 quae
334 328 544 356 cALvmth
583 311 762 355 subinde
802 312 993 354 adhibuit
1023 330 1062 356 e.
1098 330 1139 372 g.
1181 314 1377 372 sequela,
1411 320 1492 355 cit·-

184 398 464 445 cumstantia‚
508 407 685 449 scopus,
730 390 1032 449 beneplacitum
1053 423 1066 445 ,
1121 397 1458 450 concupiscentia
1481 425 1491 443 ,

174 471 439 529 frustatoria
475 469 762 528 (promissio),
802 478 940 511 rotatu
979 469 1232 529 (fortunae):
1267 470 1340 513 sed
1373 487 1495 514 accu-

185 560 275 591 rate
304 550 449 603 scivit,
494 565 701 606 quaenam
737 549 934 590 notiones
967 564 990 590 a
1027 551 1174 608 priscis
1209 550 1364 592 suerint
1401 551 1496 592 sub-

181 630 320 684 jectae
350 629 550 682 vocibus,
583 628 790 686 diligenS,
824 627 1028 681 clemens,
1060 628 1256 681 libertas,
1297 628 1493 686 aliisque,

186 723 292 765 quae
331 706 546 748 interdum
578 723 667 749 non
703 717 820 749 recte
853 707 1175 765 intelliguntur3
1217 717 1260 748 et
1293 707 1338 748 in
1370 722 1496 748 voca—

185 787 386 828 bulorum
412 786 725 844 compositione
751 787 1027 845 grammatica
1054 797 1170 828 recte
1199 787 1398 828 observat
1426 801 1497 828 no-

186 881 308 919 men,
331 865 506 907 verbum
523 897 534 919 ,
556 880 821 923 pronomen,
846 865 1232 923 praepositionem,
1265 880 1498 922 eorumque

186 945 273 986 vim
308 955 351 986 et
385 954 664 1002 potestatem,
696 942 811 1000 quod
843 946 1019 1000 utraque
1043 944 1196 1002 pagina
1216 942 1362 986 videre
1383 944 1498 986 licet.

186 1023 335 1064 Servat
358 1024 484 1065 etiam
507 1022 812 1064 nonnullorum
834 1022 1063 1063 verborum
1084 1021 1280 1063 ordinem
1303 1033 1498 1063 constan-

185 1111 297 1154 tem,
319 1099 552 1142 secundum
581 1115 732 1155 quem,
766 1099 864 1152 sed,
886 1114 1040 1156 quare,
1073 1115 1237 1152 verum,
1265 1100 1367 1153 alia,
1396 1115 1501 1141 sem-

186 1194 266 1237 per
288 1178 341 1220 ab
365 1178 487 1219 initio
513 1187 755 1235 ponuntur3
787 1187 937 1219 contra
959 1183 1098 1230 enim,
1127 1178 1314 1235 quidem,
1339 1194 1501 1237 quoque

185 1258 285 1310 alia,
317 1255 507 1298 secundo
539 1255 607 1297 vel
641 1255 838 1297 alteriore
857 1255 958 1297 loco
992 1257 1248 1299 scribuntur.
1311 1256 1501 1299 Subinde

185 1346 351 1389 tamen,
371 1334 563 1393 pluribus
581 1333 814 1389 interjectis
837 1335 1230 1389 enunciationibus,
1252 1335 1367 1392 quod
1389 1336 1500 1379 forte

187 1430 238 1457 ex
279 1414 498 1456 brevitatis
539 1412 680 1454 studio
721 1411 995 1467 ducendum,
1040 1414 1163 1455 nimis
1206 1415 1361 1474 longae
1404 1427 1501 1458 sunt

185 1494 413 1536 verborum
435 1491 603 1551 periodi
624 1508 664 1534 e.
686 1508 727 1551 g.
756 1491 809 1533 ad
839 1507 939 1535 Luc.
964 1493 1008 1546 I,
1038 1492 1078 1535 5.
1143 1494 1257 1543 »Etsi
1282 1505 1422 1536 autem
1442 1520 1501 1528 —-

189 1571 465 1630 »effugeret.'’
507 1572 665 1613 Rursus
687 1587 788 1613 vero
809 1572 1119 1614 enuntiationes
1137 1573 1194 1614 ita
1216 1574 1283 1615 vel
1301 1576 1501 1630 conjunc-

188 1661 281 1704 tae,
311 1651 379 1692 vel
411 1651 633 1708 oppositae
665 1655 841 1705 coeunt,
870 1661 917 1692 ut
944 1667 1141 1693 numerus
1167 1653 1397 1707 oratorius,
1430 1655 1500 1710 qui

189 1729 368 1783 dicitur,
402 1730 447 1770 in
470 1729 520 1770 iis
550 1739 777 1787 appareat3
813 1729 929 1786 quod
961 1730 1132 1786 majoris
1167 1731 1497 1786 aestimandum,

191 1810 288 1866 quia
317 1824 514 1850 numerus
549 1808 621 1850 ille
653 1823 740 1849 non
777 1809 1006 1865 quaesitus,
1044 1808 1120 1850 sed
1150 1820 1303 1866 sponte
1332 1826 1383 1852 ex
1414 1813 1502 1867 ejus

192 1889 356 1931 calamo
377 1887 622 1946 profluxisse
642 1886 834 1941 videtur,
854 1903 892 1929 e.
912 1903 951 1930 c.
971 1887 1015 1929 in
1029 1888 1255 1945 prooemio
1277 1887 1331 1931 ad
1350 1904 1447 1931 nuc.
1462 1890 1501 1944 I,

200 1967 286 2009 1-5.
338 1966 579 2018 »Quoniam
604 1976 742 2007 autem
764 1988 816 1994 -—-
836 1965 1066 2009 servaret.'’
1114 1966 1184 2007 Ad
1206 1967 1502 2010 connectenda

192 2045 354 2104 singula
378 2044 586 2086 vocabula
617 2043 796 2086 subinde
826 2043 1022 2086 adhibet:
1058 2053 1104 2086 ut
1130 2050 1305 2104 quisque
1331 2069 1383 2075 -—
1414 2052 1499 2101 ita,

193 2141 278 2168 non
308 2123 430 2166 modo
463 2146 522 2155 --
550 2123 651 2178 sed,
688 2139 772 2164 non
807 2148 864 2155 —-
896 2129 1004 2178 nisi,
1035 2124 1101 2166 vel
1133 2148 1187 2157 —-
1225 2125 1292 2167 vel
1317 2150 1375 2156 —
1407 2126 1496 2179 vel,

192 2221 275 2246 non
308 2229 365 2239 --
395 2219 500 2256 nec,
533 2203 636 2256 alia,
676 2213 718 2245 et
750 2201 803 2244 ad
835 2203 1152 2245 connectendas
1184 2204 1500 2262 complexiones

192 2284 422 2326 verborum
446 2281 686 2336 absolutas,
719 2281 1043 2339 frequentissimi
1069 2298 1165 2324 usus
1199 2294 1262 2325 est
1291 2284 1494 2326 formula:

193 2369 232 2404 si
261 2367 356 2421 quis
386 2369 566 2420 quaerat
588 2389 639 2394 —
665 2365 704 2402 si
731 2366 824 2419 quis
848 2360 1023 2418 objiciat
1043 2389 1097 2395 —
1121 2362 1370 2419 respondem,
1395 2378 1435 2407 e.
1455 2380 1494 2407 c.

195 2440 251 2483 ad
285 2456 384 2482 Luc.
411 2440 450 2494 I,
489 2455 527 2482 1.
556 2439 652 2481 alia.
717 2438 900 2481 Accedit
933 2438 1103 2482 dicendi
1131 2441 1335 2495 brevitas,
1373 2458 1498 2499 quam

195 2520 492 2574 observamus,
527 2519 570 2560 in
607 2518 824 2577 particulis
853 2524 962 2574 nisi,
1003 2520 1072 2561 hic
1109 2519 1205 2578 (pro
1243 2521 1324 2561 leae
1354 2526 1398 2562 in
1433 2522 1494 2579 re)

195 2605 254 2640 ita
270 2598 365 2656 (pro
393 2598 471 2640 lzoc
493 2597 653 2655 exitu),
673 2603 762 2651 Sic,
789 2597 903 2651 aliis3
935 2598 978 2639 in
1007 2598 1141 2657 ellipsi
1167 2600 1492 2656 pronominum,
