1711 3047
805 170 834 212 8

178 317 313 349 tarum
349 307 598 364 opinionum
630 323 773 350 amore
806 308 903 350 duci
934 324 977 350 se
1004 324 1143 367 passus
1173 321 1258 365 est,
1294 311 1475 370 explica-

176 386 395 441 tionesque
420 384 609 427 nondum
641 387 806 443 penitus
832 398 1070 444 perspectas
1096 390 1369 447 conscripsit3
1402 389 1477 432 sed

176 463 333 521 ingenii
379 463 538 504 fructus
582 464 686 517 viri,
732 465 825 520 qui,
861 465 1214 508 excellentissimis
1247 468 1478 525 quibusque

174 542 326 582 mentis
360 541 527 582 dotibus
558 541 792 599 praeditus,
823 542 987 584 virilem
1021 545 1109 598 Jam
1145 545 1338 603 attigerat
1370 557 1480 588 aeta-

174 629 290 672 tem,
338 621 405 661 cui
445 621 631 661 sensibus
674 631 716 661 et
757 621 917 662 levitati
957 620 1201 679 indulgere,
1238 639 1326 665 non
1366 623 1475 666 adeo

174 699 396 755 proprium
419 709 506 739 est:
541 699 672 739 verbo
695 699 958 755 praeclarum
976 699 1081 740 illud
1100 715 1252 741 nonum
1266 711 1483 757 prematur

177 780 221 815 in
253 791 410 816 annum
441 775 601 816 fecerat
631 791 766 817 suum.

234 852 382 909 Neque
412 853 601 911 vulgares
633 865 751 895 erant
787 859 920 895 animi
949 855 1035 910 ejus
1062 854 1208 909 dotes;
1243 855 1296 898 de
1330 857 1480 913 quibus

175 946 302 988 quum
335 932 485 973 breves
522 948 599 973 nos
634 947 721 973 esse
751 932 918 986 deceat,
949 933 1054 974 haec
1092 944 1254 975 tantum
1289 935 1479 977 universe

175 1008 288 1051 dicta
326 1021 465 1051 sunto.
533 1011 698 1052 Mature
734 1010 881 1064 fidem,
914 1011 1007 1053 Deo
1035 1012 1284 1069 Christoque
1321 1014 1479 1056 haben-

178 1087 300 1142 dam,
340 1089 385 1130 in
426 1105 477 1130 eo
513 1089 746 1130 excitarunt
781 1099 974 1146 parentes
1008 1090 1149 1147 probi.
1214 1091 1324 1132 Nam
1360 1101 1480 1148 patre

178 1166 348 1223 quidem
394 1182 488 1208 usus
532 1178 612 1221 est,
659 1183 828 1208 morum
870 1168 1087 1209 severitate
1124 1169 1301 1226 insigni3
1345 1180 1479 1211 matre

178 1260 280 1286 vero
313 1247 434 1287 anxie
468 1247 552 1303 pia.
617 1245 703 1287 Sub
729 1245 800 1287 dio
817 1247 981 1304 precari
1003 1247 1165 1304 saepius
1183 1246 1352 1300 debuit,
1377 1257 1483 1289 erat-

180 1339 259 1380 que
306 1334 449 1365 tenela
489 1326 576 1380 jam
617 1335 753 1366 aetate
786 1323 908 1365 valde
943 1325 1174 1382 religiosus,
1239 1324 1363 1367 Unde
1394 1325 1481 1367 for·

179 1413 286 1444 tasse
327 1403 577 1444 derivandus
614 1404 691 1445 iste
728 1404 856 1444 animi
894 1404 1009 1461 rigor
1049 1415 1131 1456 est,
1175 1420 1300 1461 quem
1335 1415 1482 1462 postea

178 1479 411 1527 identidem
446 1482 661 1537 patefecit.
724 1481 883 1522 Natura
919 1480 969 1521 ad
992 1481 1096 1521 seria
1119 1497 1303 1538 pronus,
1333 1483 1483 1524 acerri-

176 1574 248 1600 mo
287 1559 475 1616 bonique
509 1560 680 1615 verique
716 1557 854 1600 studio
893 1557 1116 1616 flagrabat,
1165 1574 1271 1615 quae
1308 1560 1482 1602 fortasse

179 1653 302 1679 causa
346 1637 446 1689 fuit,
485 1653 613 1694 quare
645 1638 809 1693 juvenis
844 1638 1141 1679 Ecclesiastico
1179 1640 1344 1679 muneri
1378 1638 1485 1681 vale-

176 1714 341 1757 d1xerit.
406 1715 583 1756 Ardoris
617 1726 754 1756 autem
785 1715 827 1755 in
859 1716 1034 1756 veritate
1066 1716 1377 1773 investiganda,
1411 1733 1480 1758 va-

175 1794 329 1850 riisque
364 1793 680 1835 difficultatibus
719 1792 930 1835 solvendis
964 1804 1052 1834 erat
1084 1793 1294 1836 indefessi.
1359 1794 1481 1836 Prae-

174 1883 290 1913 terea
308 1888 457 1930 magna
476 1870 686 1930 gaudebat
711 1872 837 1912 animi
860 1872 1116 1924 constantia,
1151 1872 1237 1913 imo
1266 1872 1480 1914 interdum

175 1951 366 2008 pertinax
416 1962 505 1992 erat
548 1952 589 1991 in
640 1949 794 1991 tuenda
823 1951 1044 2007 opinione,
1089 1966 1194 2006 quae
1239 1950 1479 2008 religiosam

175 2030 392 2086 spectabat
417 2030 743 2086 persuasionem.
808 2028 1096 2085 Simplicitatis
1125 2028 1237 2070 idern
1262 2040 1303 2070 et
1323 2028 1481 2070 cando·

177 2107 233 2148 ris
271 2119 360 2148 erat
391 2108 710 2148 amantissimus.
776 2106 986 2147 Naturalis
1022 2117 1159 2147 autem
1195 2109 1281 2162 ejus
1313 2107 1476 2160 fervor,

132 2222 134 2225 ,
174 2185 318 2226 divino
351 2197 521 2243 regente
556 2186 752 2237 numine,
787 2185 844 2225 ita
867 2184 1149 2242 dirigebatur,
1183 2186 1290 2226 utin
1309 2185 1477 2242 igneum

175 2264 292 2304 illum
340 2263 559 2315 ardorem,
607 2278 689 2318 quo
736 2261 1070 2320 adversariorum
1112 2262 1475 2319 superstitionem,

177 2358 362 2395 errores,
397 2342 497 2382 vitia
539 2341 824 2398 oppugnavit,
860 2340 1136 2381 excoleretur.
1200 2339 1368 2381 Morum
1390 2351 1481 2382 erat

173 2421 518 2478 purissimorum,
552 2430 773 2474 tantaeque
811 2418 1144 2475 aequabilitatis,
1178 2428 1247 2470 ut,
1282 2418 1344 2458 sui
1374 2433 1479 2460 sem-

175 2513 252 2555 per
283 2498 449 2551 similis,
482 2512 617 2554 neque
650 2512 846 2553 uniquam
872 2497 1090 2537 veritatem
1119 2511 1305 2554 negasse,
1340 2511 1476 2553 neque

180 2577 307 2618 semel
339 2575 450 2618 dicta
476 2577 681 2633 scriptave
705 2591 920 2617 revocasse
944 2574 1025 2616 diei
1051 2575 1249 2633 potuerit,
1291 2575 1476 2617 Omnino
