1711 3047
750 166 806 205 33

121 320 232 351 satus
251 315 314 349 est
331 317 530 348 euvinus
544 335 555 357 ‚
578 303 720 345 multis
734 318 824 345 sese
841 302 1144 346 commendare
1164 305 1424 350 nominibuS.

121 387 231 429 Nam
254 385 471 443 Syllabum
497 386 733 425 sectionum
756 392 799 423 et
822 382 1181 440 paragraphorum
1208 384 1431 441 inspicien-

124 465 236 506 tibus
269 463 330 520 (1)
355 462 621 504 manifestum
645 471 729 514 est,
763 461 821 501 ita
850 475 938 501 sese
960 461 1117 502 habere
1138 461 1427 517 harmoniam,

126 553 174 584 ut
209 536 436 584 satisfaciat
476 542 550 595 iis,
587 556 720 598 quae,
755 555 805 581 ex
840 554 1006 581 CALVINI
1036 541 1262 594 sententia,
1299 541 1343 582 in
1382 557 1432 583 ea

125 622 408 679 requiruntur.
479 621 527 661 In
557 621 668 661 hunc
698 619 810 661 enim
843 618 1019 659 modum
1050 619 1269 677 conjungit
1295 620 1431 661 varias

125 701 485 759 Evangelistarum
509 700 753 751 relationes,
780 708 828 740 ut
850 708 947 755 post
970 712 1101 740 Lucu:
1122 698 1432 755 praefationem

125 790 228 821 sect.
250 781 293 833 Ι,
322 780 505 837 primum
523 793 694 820 sommis
717 777 925 834 baptistae
944 777 1103 818 natales
1124 788 1229 819 sect.
1250 777 1310 830 ΙΙ,
1341 788 1434 819 tum

126 874 220 900 JESU
239 859 416 912 natales,
438 858 636 910 infantia,
655 856 908 913 baptismus,
927 856 1126 910 tentatio,
1147 857 1331 898 muneris
1350 859 1437 912 ejus

124 936 359 993 primordia
404 945 486 976 etc.
531 945 633 974 sect.
674 933 763 985 III,
805 944 1051 986 narrentur,
1091 933 1199 975 adeo
1222 945 1268 974 ut
1294 935 1437 976 videa-

127 1029 222 1054 mur
241 1013 364 1054 nobis
388 1011 601 1053 interdum
623 1011 763 1068 legere
784 1010 985 1052 continua
1003 1011 1109 1052 serie
1125 1012 1327 1068 scriptam
1345 1028 1439 1055 msu

129 1092 273 1134 vitam.

188 1171 386 1212 Notanda
420 1171 547 1212 etiam
584 1181 646 1212 est
682 1171 887 1229 temporis
925 1172 1060 1225 ratio,
1105 1187 1231 1228 quam
1258 1172 1304 1213 in
1337 1187 1441 1214 con-

131 1248 314 1291 ficienda
338 1249 560 1297 harmonia
584 1249 640 1290 ob
664 1249 811 1290 oculos
835 1250 998 1292 habuit.
1064 1251 1170 1292 Cum
1195 1251 1309 1292 enim
1332 1251 1443 1292 inter

131 1328 380 1386 theologos,
414 1328 539 1369 variis
573 1328 859 1385 temporibus,
896 1328 1050 1370 acriter
1083 1328 1136 1370 de
1173 1344 1225 1371 eo
1260 1328 1446 1387 disputa-

130 1417 221 1448 tum
254 1408 326 1460 sit,
358 1417 499 1447 utrum
535 1406 732 1448 Servator
764 1418 861 1464 post
890 1408 1106 1464 publicum
1136 1407 1325 1450 doctoris
1357 1424 1444 1449 mu-

129 1502 206 1528 nus
244 1497 509 1543 susceptum,
544 1487 623 1526 tria
653 1501 705 1526 an
735 1501 837 1526 vero
872 1497 1052 1542 quatuor
1086 1488 1300 1528 Paschatis
1337 1488 1445 1530 festa

131 1564 433 1616 celebraverit,
465 1578 660 1620 magnum
693 1562 843 1604 exinde
877 1564 922 1604 in
953 1565 1202 1607 harmonica
1225 1567 1444 1624 Evangeli-

133 1657 276 1682 carum
299 1642 553 1682 relationum
579 1642 892 1698 compositione
915 1642 1140 1684 discrimen
1174 1645 1340 1697 existat,
1374 1660 1445 1687 ne-

132 1735 246 1760 cesse
266 1730 341 1760 est.
408 1719 554 1760 Plures
578 1718 748 1775 quidem
771 1731 952 1776 quatuor
972 1733 1232 1775 sumserunt,
1258 1723 1320 1764 uti
1339 1739 1378 1765 e.
1399 1740 1442 1782 g.

133 1813 368 1850 osuNDEn,
405 1799 500 1854 qui,
534 1799 678 1856 paucis
705 1809 802 1840 ante
828 1800 1067 1841 confectam
1093 1816 1116 1842 a
1146 1816 1330 1844 CALero
1355 1803 1448 1844 har-

134 1877 321 1918 moniam
352 1877 492 1930 annis,
529 1888 709 1934 quatuor
741 1878 1068 1936 Evangeliorum
1100 1880 1368 1922 harmoniam
1400 1882 1446 1924 in

131 1955 269 1997 lucem
303 1955 451 1998 edidit.
516 1956 672 1997 Noster
697 1971 800 1997 vero
834 1957 945 1999 hanc
978 1958 1228 2000 methodum
1251 1960 1445 2016 reliquit,

134 2045 258 2090 atque
279 2035 338 2075 ita
361 2034 502 2075 multis
534 2035 740 2092 perversis
777 2035 1050 2092 opinionibus
1084 2048 1127 2078 et
1167 2040 1444 2092 commentis,

137 2128 176 2154 e.
215 2128 253 2154 c.
298 2127 431 2152 JESUM
467 2112 593 2153 variis
623 2114 884 2170 temporibus
916 2114 1063 2156 eadem
1098 2116 1225 2174 plane
1255 2117 1446 2160 locutum

135 2205 250 2242 esse,
279 2192 450 2244 januam
484 2190 692 2231 obstruxit
717 2190 792 2248 (2).

194 2267 583 2311 Animadvertenda
617 2286 749 2327 porro
788 2281 850 2313 est
884 2274 1112 2330 aequabilis
1147 2278 1234 2332 ejus
1270 2277 1312 2318 in
1353 2292 1443 2319 sec-

137 2349 275 2390 tiones
318 2359 360 2389 et
400 2350 685 2407 paragraphos
725 2349 890 2395 divisio.
960 2353 1154 2396 Diversas
1188 2371 1255 2397 res
1301 2367 1446 2399 exacte

175 2544 227 2584 (1)
252 2543 398 2575 Editioni
423 2556 523 2586 quam
549 2547 680 2577 curavit
706 2557 882 2586 rnorucx,
912 2550 1153 2590 praemittitur.

172 2599 226 2641 (2)
252 2601 300 2632 cf.
329 2611 468 2640 utun,
499 2601 707 2634 Gesclzichte
731 2604 795 2635 der
822 2603 983 2636 Kansten
1007 2608 1083 2638 und
1107 2606 1218 2638 IViss.
1244 2606 1324 2638 464.

1190 2672 1212 2711 3
