1711 3047
794 191 866 234 131

172 345 350 388 scopum
380 329 629 388 investigare
649 329 897 387 poterimus,
962 329 1059 372 Hoc
1084 331 1226 387 itaque
1255 347 1354 389 prae
1382 349 1474 376 oae-

174 410 270 451 teris
308 408 433 450 fuisse
481 410 569 465 ejus
612 408 835 452 consilium
877 406 1067 462 videtur,
1114 419 1159 450 ut
1193 413 1390 453 accurata
1427 428 1476 455 ac

170 487 351 545 simplici
377 487 681 545 explicatione,
711 487 918 529 librorum
943 485 989 530 S.
1021 487 1251 530 lectionem
1279 490 1477 532 omnibus

171 564 369 607 redderet
387 564 631 624 frugiferam
644 597 657 620 ‚
677 576 720 607 et
739 565 1057 623 patefactionis,
1079 581 1186 623 quae
1202 567 1266 610 his
1286 570 1477 611 contine·

170 654 254 697 tur,
272 645 467 686 notitiam
487 643 732 703 divulgaret.
759 645 884 686 Hunc
903 659 1006 687 vero
1024 660 1202 703 scopum
1219 648 1380 704 assequi
1398 658 1480 689 stu-

171 721 276 776 duit,
294 723 513 780 temporis,
535 738 620 780 quo
639 723 758 776 vixit,
775 724 942 764 ratione
955 723 1116 776 habita,
1142 723 1308 766 Prodiit
1325 740 1478 784 nempe

172 817 380 844 canvnws
411 812 610 860 exegeta,
644 800 1005 859 quemadmodum
1029 812 1153 844 antea
1184 802 1388 856 vidimus,
1426 819 1479 846 eo

173 891 384 938 tempore,
411 895 495 938 quo
521 895 737 935 sacrorum
765 881 958 939 purgatio
982 880 1114 938 magis
1137 881 1352 939 magisque
1381 897 1480 923 coe·

173 959 235 1016 pit
276 959 526 1001 increscere.
594 958 847 1016 Superstitio
886 969 929 1001 et
965 957 1186 1001 doctrinae
1225 960 1484 1002 Christianae

173 1038 411 1094 ignorantia
438 1037 574 1078 ubivis
594 1035 935 1078 dominabantur.
992 1038 1172 1078 Errores
1198 1037 1251 1079 de
1280 1038 1486 1096 religione

174 1114 407 1156 Christiana
433 1129 612 1156 numero
642 1114 765 1155 multi
789 1124 923 1156 erant.
987 1112 1144 1156 Noster
1171 1115 1320 1174 igitur,
1356 1132 1485 1174 quum

174 1203 358 1251 putaret,
379 1192 483 1233 nihil
508 1207 597 1234 esse
617 1191 749 1250 magis
765 1191 986 1246 idoneum,
1012 1193 1066 1234 ad
1087 1192 1368 1251 dispellendas
1390 1212 1485 1253 per·

173 1287 311 1314 versas
343 1271 592 1329 opiniones,
635 1269 690 1311 ad
721 1285 861 1313 mores
889 1270 1204 1326 emendandos,
1239 1273 1294 1314 ad
1326 1274 1487 1316 cultum

176 1360 220 1392 et
255 1349 546 1409 cognitionem
587 1349 936 1407 promovendOS,
978 1351 1153 1393 accessit
1187 1350 1241 1393 ad
1279 1353 1485 1411 interpre—

175 1427 327 1469 tandos
364 1428 498 1469 libros
534 1427 579 1469 S.
603 1459 614 1480 ‚
657 1428 844 1483 ratione,
884 1444 991 1486 quae
1019 1430 1119 1471 huic
1159 1432 1340 1488 tempori
1382 1444 1489 1474 esset

175 1507 408 1550 utilissima.
473 1505 635 1548 Exinde
653 1505 960 1562 derivandum,
983 1508 1099 1566 quod
1119 1510 1260 1550 omisit
1285 1509 1488 1554 disserere

175 1584 229 1628 de
246 1586 454 1628 librorum
471 1587 694 1640 οἱυθεντίᾳ,
717 1584 770 1628 de
790 1587 1046 1645 scriptorum
1066 1588 1299 1643 ἀξιοπιστίᾳ
1317 1600 1360 1631 et
1378 1590 1487 1643 aliis,

176 1680 283 1723 quae
304 1665 431 1723 vulgo
453 1666 496 1706 in
516 1665 834 1723 prolegomenis
855 1666 1026 1708 tractari
1049 1667 1203 1710 solent.
1239 1668 1342 1710 Inde
1362 1672 1489 1711 etiam

176 1759 313 1801 pauca
331 1745 418 1799 ejus
438 1744 586 1785 critica
603 1742 755 1786 studia.
809 1745 1000 1798 Etenim,
1019 1760 1106 1786 non
1123 1745 1176 1787 de
1193 1747 1488 1789 constituenda

178 1823 363 1864 lectione
395 1820 497 1863 tunc
525 1822 843 1881 disceptabatur
872 1823 985 1864 inter
1011 1824 1296 1880 Christianos3
1327 1826 1401 1868 sed
1433 1827 1486 1869 de

177 1900 451 1944 emendandis
480 1901 671 1943 moribus
696 1901 929 1959 corruptis,
962 1901 1016 1944 de
1044 1903 1263 1961 purganda
1290 1903 1484 1947 doctrina

179 1981 430 2024 Christlana.
484 1979 589 2023 Ideo
612 1995 785 2021 omnem
807 1980 990 2022 intendit
1014 1996 1210 2038 operam,
1236 1994 1282 2024 ut
1302 1984 1485 2028 lectores

180 2058 234 2100 ad
251 2069 413 2100 rectam
436 2059 645 2100 librorum
668 2058 712 2101 S.
733 2059 1056 2118 intelligentiam
1075 2059 1202 2104 ducat
1224 2073 1266 2103 et
1290 2075 1485 2106 constans

178 2138 258 2179 fuit
294 2140 380 2193 ejus
417 2136 628 2191 studium,
665 2138 709 2178 in
747 2138 1034 2195 explicatione
1062 2151 1258 2182 accurate
1290 2142 1483 2184 tradendi

179 2216 318 2270 ideas,
357 2232 458 2273 quas
484 2217 567 2258 suis
598 2217 739 2259 verbis
769 2218 1032 2272 tribuerunt,
1071 2219 1141 2276 qui
1171 2219 1392 2277 loquentes
1419 2224 1485 2265 vel

179 2297 410 2338 scribentes
434 2295 691 2338 inducuntur
713 2298 766 2339 ab
785 2297 1076 2357 Evangelistis.
1141 2298 1289 2341 Voluit
1313 2316 1483 2344 cnmsri

180 2375 268 2417 fata
298 2375 500 2417 continua
525 2375 633 2417 serie
664 2376 963 2433 conspicienda
989 2376 1113 2432 dare,
1142 2378 1242 2421 inde
1273 2383 1360 2436 ejus
1394 2383 1487 2424 har-

182 2454 342 2496 monia.
406 2454 468 2494 Ex
508 2452 661 2496 eodem
702 2455 880 2497 consilio
919 2457 1075 2514 partim
1113 2457 1240 2498 etiam
1279 2460 1489 2517 explicam

185 2531 285 2574 dum
322 2543 450 2590 puto,
493 2532 608 2590 quod
650 2533 843 2576 universe
884 2536 1015 2594 magis
1053 2547 1243 2578 versetur
1276 2537 1319 2578 in
1368 2555 1487 2582 sensu

184 2613 410 2654 verborum
445 2611 680 2667 tradendo,
722 2629 848 2670 quam
886 2616 931 2657 in
970 2616 1229 2673 singulorum
1262 2619 1488 2661 verborum

1201 2710 1228 2751 9

1237 2696 1257 2715 4
