1711 3047
849 159 876 199 9

210 315 360 360 magna
404 299 483 340 fuit
525 299 650 340 animi
697 300 760 352 vi,
808 298 866 339 ita
907 308 954 339 ut
996 313 1169 357 regnare
1207 299 1250 340 in
1290 298 1510 339 hominum

208 379 371 422 animos
400 377 524 419 facile
550 378 753 435 potuerit.
817 375 979 429 Quodsi
1002 388 1226 434 quaeratur
1247 376 1440 430 tandem,
1467 377 1511 417 in

209 472 435 514 quamnam
463 456 684 498 hominum
717 455 889 498 classem
919 454 1066 497 referri
1099 455 1278 509 debeat,
1314 454 1512 512 equidem

208 550 306 577 cum
352 535 630 577 celeberrimo
677 549 822 577 HENRY
872 533 956 592 (1),
1002 545 1169 589 statuo,
1208 535 1253 575 in
1297 549 1509 587 CALvmo,

206 614 381 656 homine
410 613 667 655 subtilissimi
692 628 833 655 sensus
855 613 1048 665 moralis,
1084 613 1387 654 conscientiam
1412 628 1514 670 prae

208 707 330 734 sensu
370 702 412 734 et
453 703 594 734 mente
626 692 814 734 valuisse.
879 690 1121 733 Dolendum
1158 702 1300 733 tamen
1337 706 1514 749 magno-

210 786 313 829 pere
350 786 464 824 esse,
497 771 653 824 virum,
689 781 750 812 tot
787 771 1027 812 nominibus
1057 770 1138 811 suis
1177 770 1419 826 aequalibus
1448 785 1517 810 an-

213 849 478 891 tecellentem
493 880 505 902 ‚
541 849 811 890 intolerantia
834 864 1136 905 nonnunquam
1160 848 1241 889 illis
1262 847 1387 889 fnisse
1407 848 1518 889 simi·

208 926 321 978 lem,
355 925 469 966 idem
503 926 697 966 lubenter
730 926 939 967 concedo.

268 1004 327 1043 Ut
345 1013 486 1045 autem
506 1003 599 1044 talis
621 1014 844 1060 tantusque
867 1003 1064 1045 evaderet
1083 1015 1226 1045 noster
1241 1035 1252 1057 ‚
1278 1003 1435 1045 multae
1453 1019 1518 1046 res

209 1081 459 1124 effecerunt.
523 1081 622 1122 Non
647 1092 812 1123 tantum
841 1082 974 1123 innuo
1004 1094 1226 1140 parentum
1258 1082 1518 1140 exemplum,

209 1171 458 1220 praecepta,
508 1161 594 1202 vim
638 1161 682 1202 in
724 1160 879 1215 filium,
929 1177 1036 1219 quae
1070 1162 1204 1203 verbo
1241 1163 1326 1217 jam
1369 1161 1515 1219 attigi3

209 1240 443 1298 tempori5‚
479 1255 564 1297 quo
596 1240 723 1293 vixit,
757 1241 896 1294 ratio,
930 1241 972 1281 in
1006 1240 1152 1297 primis
1181 1255 1204 1281 a
1232 1240 1354 1281 nobis
1388 1250 1520 1281 atten-

209 1318 349 1361 denda
381 1329 458 1361 est.
523 1318 696 1360 Scilicet
728 1319 1043 1360 reformationis
1081 1319 1267 1372 semina,
1301 1319 1371 1359 hic
1408 1317 1517 1372 illic⁷

208 1397 252 1439 in
289 1413 465 1440 CALVINI
504 1398 631 1440 etiam
670 1398 827 1455 patria,
861 1398 990 1456 magis
1025 1398 1240 1455 magisque
1275 1412 1520 1439 excrescere

210 1487 457 1534 coeperant.
536 1476 804 1533 Cognoverat
842 1478 929 1531 jam
977 1477 1139 1531 juvenis
1180 1476 1521 1533 superstitionem

212 1555 407 1595 omnibus
444 1553 533 1595 fere
569 1568 864 1606 communem,
899 1553 1115 1611 religionis
1155 1553 1394 1595 doctrinam
1433 1570 1524 1596 cor-

213 1643 405 1691 ruptam,
441 1647 620 1674 coecum
648 1647 726 1689 pro
756 1631 1010 1683 traditione,
1045 1632 1160 1689 Papa
1181 1644 1224 1673 et
1248 1633 1422 1674 Clericis
1444 1644 1526 1674 stu-

213 1710 345 1752 dium.
401 1709 578 1750 Viderat
612 1710 792 1767 purioris
832 1709 1051 1751 doctrinae
1082 1710 1317 1765 studiosos,
1348 1722 1525 1770 propter

213 1788 469 1829 saevissimas
494 1788 809 1846 persecutiones
834 1804 856 1829 e
881 1789 1019 1846 patria
1040 1788 1246 1847 fugientes
1267 1821 1278 1843 ‚
1312 1790 1524 1834 imovero

212 1866 322 1908 hanc
355 1866 445 1924 ipse
477 1877 635 1908 sortem
667 1877 860 1924 expertus
896 1877 973 1908 est.
1038 1868 1100 1908 Ita
1121 1867 1280 1909 factum
1302 1879 1384 1923 est,
1415 1879 1463 1911 ut
1480 1870 1526 1911 in

213 1944 354 2002 plures
380 1944 601 1986 Helvetiae
625 1944 744 1986 locos
765 1945 918 1987 itinera
941 1945 1119 1998 faciens,
1155 1957 1197 1987 et
1217 1947 1465 2005 cognoverit
1484 1958 1527 1990 et

216 2023 376 2064 amicos
408 2033 553 2064 nactus
586 2023 664 2076 sit,
695 2038 890 2064 eroNEM
923 2038 1188 2078 ειὶΥΝΑΕυΜ,
1220 2040 1527 2068 woLFGANGUM

216 2115 478 2153 CAPITONEM,
495 2116 688 2141 FARELLU
697 2116 742 2154 M,
754 2117 966 2153 VIRETUM,
986 2102 1090 2143 alios
1107 2103 1282 2144 sanioris
1303 2103 1525 2146 doctrinae

215 2178 403 2220 fautores
421 2190 462 2220 et
481 2190 699 2237 patronos.
765 2180 990 2237 Quumque
1014 2180 1208 2223 codicem
1228 2177 1392 2224 sacrum
1409 2215 1420 2236 ‚
1439 2184 1528 2225 iere

217 2258 401 2314 ubique,
433 2258 650 2299 oblivione
683 2259 921 2317 neglectum
949 2261 1091 2315 jacere
1119 2259 1308 2314 videret,
1341 2261 1528 2318 nihilque

220 2346 499 2394 cognosceret
515 2368 528 2390 ,
562 2336 676 2394 quod
709 2338 840 2396 magis
871 2349 1014 2396 aptum
1036 2349 1141 2381 esset
1165 2338 1218 2380 ad
1238 2339 1529 2399 exstirpandos

219 2415 307 2457 aevi
346 2416 408 2456 sui
454 2431 648 2470 errores,
699 2415 1069 2474 emendandosque
1104 2433 1245 2461 mores
1279 2429 1524 2477 corruptos,

256 2586 307 2628 (1)
331 2585 397 2628 Qui
422 2586 454 2618 in
479 2585 581 2628 hujus
609 2585 624 2629 ς
649 2585 717 2619 fine
741 2584 928 2618 laudandus
953 2587 1017 2619 est.
