1711 3047
745 198 823 239 107

146 340 342 391 militem,
375 339 444 394 qui
479 348 645 379 acetum
676 338 888 395 porrexit,
924 338 1096 380 dixisse:
1131 344 1273 392 ἄφετε,
1304 341 1451 395 ἴδωμεν

143 435 227 462 κ.τ.
240 417 293 471 λ.,
306 431 402 459 cum
419 431 586 459 marra.
599 416 778 471 XXVII,
792 419 864 474 47.
883 416 954 458 ubi
973 416 1133 460 dictum
1152 417 1257 460 illud
1277 420 1453 461 caeteris

145 497 358 538 tribuitur.
393 495 498 538 Luc.
518 496 659 550 XXII,
677 510 796 553 9-19.
817 495 1020 537 conciliat
1033 511 1130 538 cum
1147 512 1314 540 MArTn.
1332 498 1454 551 XIX,

145 574 296 627 33-46.
332 585 375 617 et
397 590 528 618 MARC.
545 576 652 629 XII,
693 589 807 617 1-12.
840 589 1041 629 monens,
1072 591 1319 630 cmusrum,
1357 577 1457 619 licet

148 654 302 712 stylum
326 654 370 695 in
405 655 564 696 scribas
597 663 637 696 et
661 651 902 695 sacerdotes
931 653 1176 712 stringeret,
1211 665 1353 696 tamen
1384 669 1457 696 co-

149 749 239 776 ram
256 744 347 775 tota
370 734 493 791 plebe
512 733 701 774 locutum
725 747 828 774 esse.
865 732 1001 773 Porro
1021 733 1142 773 unius
1163 734 1324 791 aegroti
1344 748 1458 775 sana-

148 813 309 854 tionem
334 822 612 854 memoratam
645 812 1010 870 opportunitatem
1040 811 1205 854 dedisse
1233 811 1287 853 ad
1317 812 1458 870 plures

146 902 342 950 aegrotos
372 890 582 932 sanandos
611 890 780 944 dicens,
810 906 975 933 MATTH.
997 890 1102 945 XV,
1133 907 1174 934 2.
1201 907 1298 933 cum
1321 906 1454 934 MAnc.

147 969 249 1021 VII,
270 969 337 1011 52.
363 970 601 1026 componit.
645 968 959 1027 Conjungendis
980 969 1107 1011 etiam
1128 985 1269 1011 rerum
1290 969 1460 1025 adjunc-

148 1046 221 1098 tis,
244 1061 516 1086 MATTHAEUM
530 1046 648 1099 XIV,
675 1046 715 1089 5.
731 1078 742 1099 ,
767 1048 838 1102 qui
860 1047 1097 1099 HERODEM,
1118 1061 1214 1087 cum
1232 1046 1456 1099 MARcoVI,

155 1137 247 1179 19.,
268 1123 338 1180 qui
363 1137 649 1165 mznomAnEM
669 1122 928 1165 crudelitatis
951 1124 1181 1167 insimulat.
1219 1124 1322 1167 Scil.
1343 1141 1461 1167 reve-

147 1202 285 1243 rentia
312 1212 355 1243 et
380 1202 532 1260 religio
561 1202 757 1243 obstabat
775 1217 965 1254 HERODI,
995 1218 1049 1243 ne
1073 1213 1160 1244 tam
1186 1203 1389 1245 atrociter
1416 1204 1458 1245 in

149 1295 224 1321 DEI
240 1280 496 1338 prophetam
515 1281 709 1323 saeviret.
757 1281 984 1323 HERomAs
1000 1292 1161 1336 autem,
1185 1297 1292 1339 quae
1308 1293 1461 1341 sponte

151 1358 205 1400 ad
233 1358 409 1400 caedem
439 1373 697 1416 propensum
727 1374 814 1401 non
846 1360 1041 1413 videbat,
1079 1360 1262 1417 obliquis
1301 1361 1460 1402 artibus

150 1451 248 1478 eum
279 1437 590 1478 circumvenire
619 1438 837 1492 tentabat,
873 1438 940 1479 vel
971 1437 1279 1480 clandestinum
1309 1450 1460 1482 sancto

148 1516 240 1557 viro
268 1516 440 1557 exitium
464 1516 719 1557 moliebatur
734 1516 809 1574 (1).
859 1517 1199 1575 Ingeniosissime
1222 1519 1308 1560 hoc
1334 1521 1460 1560 maxi-

149 1610 219 1636 me
244 1596 353 1653 agit,
388 1597 646 1654 conjungens
667 1611 833 1638 MATTH.
856 1596 1021 1651 XXVI,
1049 1597 1168 1639 6·13.
1201 1614 1297 1640 cum
1323 1613 1456 1642 MARc.

150 1672 266 1726 XIV,
287 1672 376 1729 3-9.
407 1684 449 1715 et
473 1690 597 1717 JOAN.
620 1675 726 1729 XII,
756 1675 849 1729 1-8,
877 1676 949 1717 ubi
981 1691 1031 1717 ex
1060 1691 1235 1719 csnvnu
1257 1679 1461 1736 opinione

151 1753 365 1794 invenitur
385 1752 532 1808 eadem
558 1769 639 1795 res.
690 1753 885 1795 »Nomen
908 1754 1115 1809 mulieris,
1142 1755 1257 1812 quod
1281 1758 1461 1799 reticent

149 1845 431 1872 »ivrAT'rnAEus
452 1841 494 1872 et
513 1845 696 1885 MARCUS,
718 1846 741 1872 a
760 1846 926 1873 JOANNE
951 1833 1215 1890 exprimitur.
1250 1834 1461 1890 Hominis,

150 1910 248 1967 »qui
275 1925 496 1951 cnmsrnM
526 1910 727 1952 convivio
755 1911 945 1968 excepit,
979 1912 1139 1954 nullam
1156 1912 1258 1955 facit
1283 1915 1462 1956 mentio-

153 2003 276 2030 »nem
292 2003 498 2042 JOANNEs,
521 2004 649 2042 quum
667 1988 821 2031 diserte
841 2002 1182 2033 commemorent
1203 2007 1460 2034 MATTHAEus

151 2076 219 2108 »et
235 2081 418 2119 MARCUS,
435 2082 529 2108 eum
550 2077 651 2108 tunc
670 2066 780 2125 apud
796 2083 990 2110 surorum
1011 2068 1226 2127 leprosum
1247 2086 1458 2115 coenasse.

153 2144 309 2198 »Quod
333 2156 472 2188 autem
501 2161 686 2188 JOANNES
716 2146 842 2201 dicit,
876 2157 1028 2189 unctos
1055 2147 1181 2190 fuisse
1211 2148 1362 2207 pedes,
1391 2151 1460 2192 alii

153 2235 329 2282 »caput,
361 2225 407 2266 in
432 2239 484 2266 eo
513 2225 627 2267 nulla
660 2235 721 2267 est
743 2227 1036 2284 repugnantia.
1073 2252 1130 2261 —
1161 2226 1302 2280 Quum
1332 2229 1460 2271 solito

155 2304 355 2346 »uberior
375 2305 497 2362 copia
519 2315 622 2346 tunc
650 2305 780 2347 effusa
803 2316 933 2359 esset,
958 2321 1144 2349 JOANNES
1162 2333 1219 2339 --
1244 2307 1374 2366 pedes
1402 2309 1462 2368 ip-

152 2398 243 2425 »sos
262 2384 420 2442 rigatos
438 2384 563 2426 fuisse
582 2383 746 2427 scribit.
796 2384 977 2427 Mincus
997 2387 1125 2428 etiam
1147 2386 1299 2441 refert,
1321 2387 1460 2429 fracto

154 2480 171 2497 »
181 2461 416 2515 alabastro,
442 2472 579 2504 totum
615 2473 874 2522 unguentum
898 2464 1023 2507 fuisse
1047 2481 1175 2524 super
1199 2476 1326 2525 caput
1354 2466 1460 2510 effu·

191 2636 245 2679 (l)
273 2639 322 2670 Cs.
350 2648 432 2669 ΒΗΑ
459 2637 499 2670 ud
525 2638 559 2671 h.
588 2639 610 2671 l.
