1711 3047
801 217 859 259 83

181 361 357 422 »procul
373 375 397 402 a
418 359 523 401 mari
545 357 870 401 mediterraneo.
927 353 1038 395 Huic
1059 354 1197 395 vicina
1220 363 1309 395 erat
1324 353 1345 393 J
1350 365 1477 410 oppe.

183 441 319 482 »Urbs
345 440 435 497 ipsa
459 439 504 479 in
529 437 640 479 edita
672 450 777 494 rupe
801 434 899 486 sita,
931 431 1045 473 unde
1078 432 1122 472 in
1156 432 1330 490 longum
1364 446 1483 489 pros-

184 529 355 578 upectus
372 517 543 575 patebat
560 513 898 571 Hierosolymam
914 510 1085 567 usque.’‘
1148 511 1246 552 Act.
1265 509 1389 563 XVI,
1416 512 1481 560 14.

182 599 334 646 πόλεως
353 597 604 651 Θυατείρων,
626 615 641 630 υ
651 591 893 650 Thyatiram
914 588 1143 648 geographi
1163 588 1310 629 urbem
1330 586 1486 644 Lydiae

183 692 300 719 »esse
316 674 487 717 tradunt
501 706 512 728 ‚
549 673 670 715 sitam
688 671 732 712 in
752 667 996 727 ripaHermi
1013 666 1194 708 fluminis
1208 676 1251 707 et
1267 665 1328 706 illi
1352 680 1484 722 quon-

183 777 199 792 »
213 754 309 796 dam
338 769 495 795 nomen
515 752 639 793 fuisse
660 747 868 807 Peopiae'’
887 746 963 805 (1).
1029 744 1246 787 Interdum
1276 760 1359 802 quo
1378 755 1484 786 tem-

185 849 291 892 pore
321 832 424 874 olim
456 830 680 882 exstiterit,
713 827 863 869 docet:
890 841 988 868 Luc.
1006 825 1108 879 VH,
1141 840 1207 867 11.
1232 828 1370 878 Ναΐν,
1396 839 1487 865 »ur-

186 912 307 954 »bem
337 910 447 952 Nain
480 922 780 960 nmnownms,
811 921 885 947 sua
909 915 1044 947 aetate
1064 903 1201 946 adhuc
1223 904 1488 961 superstitem

187 989 337 1030 »fuisse
366 986 513 1040 tradit,
549 985 714 1027 duobus
738 985 923 1026 millibus
951 983 1062 1025 infra
1083 992 1273 1023 montem
1294 982 1489 1034 Thabor,

187 1064 434 1107 »meridiem
462 1062 723 1119 versus'’(2):
759 1062 861 1118 quid
887 1077 991 1119 prae
1011 1060 1188 1102 caeteris
1213 1059 1493 1101 memorabile

183 1145 274 1203 ipsa
296 1143 513 1185 contineat
535 1143 634 1184 Act.
652 1141 732 1194 IX,
766 1139 836 1181 36.
865 1143 909 1183 ἐν
935 1140 1088 1196 Ἰόππῃ
1109 1156 1147 1181 κ.
1168 1156 1203 1181 τ.
1229 1138 1267 1182 λ.
1329 1138 1493 1196 »Joppe

187 1232 386 1280 »portum
405 1221 591 1262 habebat
611 1219 827 1261 celebrem
848 1218 950 1260 licet
972 1217 1208 1260 saxosum.’'
1272 1215 1495 1258 conditio-

187 1315 287 1342 nem
317 1313 448 1357 porro
475 1298 562 1339 loci
591 1295 808 1353 cujusdam
832 1296 1040 1338 moralem
1066 1306 1376 1337 commemorat
1397 1295 1493 1338 Act„

187 1377 309 1431 XIII,
334 1376 375 1418 6.
399 1380 495 1434 ἄχρι
520 1380 692 1430 Πάφου,
735 1376 872 1417 »Urbs
897 1375 1106 1416 maritima
1135 1385 1226 1416 erat
1246 1389 1387 1416 versus
1414 1389 1498 1416 me—

191 1454 386 1498 »ridiem.
457 1454 568 1496 Tota
598 1454 735 1496 insula
769 1453 928 1495 Veneri
954 1468 1073 1495 sacra
1108 1453 1201 1494 fuit.
1266 1452 1500 1510 Praecipua

189 1556 207 1571 ι»
222 1545 362 1576 tamen
393 1533 501 1575 idoli
524 1533 645 1575 sedes
663 1543 755 1575 erat
774 1532 960 1590 Paphus.
1007 1531 1153 1583 Qualis
1175 1531 1393 1589 integritas
1410 1562 1421 1584 ,
1456 1541 1499 1573 et

194 1612 424 1672 »pudicitia
445 1623 488 1654 et
504 1613 703 1654 honestas
728 1621 770 1653 et
792 1610 1073 1668 temperantia
1091 1610 1136 1651 in
1156 1624 1206 1651 ea
1228 1610 1333 1650 urbe
1351 1611 1496 1667 vigue-

192 1691 330 1745 »1·int‚
361 1690 575 1747 conjicere
595 1689 694 1731 inde
714 1689 843 1741 licet,
879 1687 997 1745 quod
1027 1688 1177 1746 religio
1210 1687 1363 1729 incolis
1392 1702 1501 1728 sum-

194 1785 335 1812 »mam
366 1768 420 1810 ad
446 1769 616 1826 quaevis
641 1769 799 1826 probra
821 1777 865 1808 et
897 1766 1052 1824 flagitia
1084 1766 1303 1807 licentiam
1331 1764 1498 1807 dabat.'''

191 1849 326 1890 Recte
359 1847 462 1889 item
498 1857 686 1888 versatur
720 1846 762 1887 in
797 1845 914 1887 lacus
955 1844 1248 1886 Gennesareth
1273 1844 1400 1886 variis
1433 1860 1503 1902 ap-

193 1926 492 1985 pellationibus
522 1923 759 1966 indicandis
797 1939 895 1965 Luc.
934 1922 997 1976 V,
1029 1939 1066 1965 1.
1098 1927 1209 1979 παρὰ
1245 1927 1321 1978 τὴν
1354 1924 1503 1980 λίμνην

195 2005 471 2060 Γεννησαρέτ.
551 2003 756 2060 »Proprie
790 2001 927 2043 dictus
968 2001 1050 2043 fuit
1085 2002 1200 2043 lacus
1238 2002 1310 2043 ille
1345 2001 1502 2055 ΠἾΞΞ,

197 2084 335 2137 »dein,
353 2082 496 2141 lingua
513 2081 734 2138 corrupta,
754 2078 915 2121 deflexa
931 2079 1010 2120 fuit
1024 2080 1070 2121 in
1089 2079 1362 2122 Genesareth.
1394 2080 1501 2122 Pro—

197 2163 307 2204 »fani
327 2161 553 2218 scriptores
574 2158 830 2200 Genesarem
853 2168 1024 2200 vocant.
1087 2157 1182 2211 Qua
1208 2169 1328 2216 parte
1349 2159 1394 2200 in
1419 2158 1502 2200 Ga·

199 2241 392 2282 »lilaeam
436 2239 658 2301 vergebat,
707 2251 824 2278 mare
867 2235 1081 2278 Galilaeae
1123 2235 1333 2280 dixerunt.
1397 2238 1507 2296 Ripa

201 2319 369 2362 »vicina
390 2315 605 2359 Tiberiadi
628 2330 869 2374 cognomen
893 2330 944 2357 ex
964 2316 1069 2358 urbe
1091 2315 1278 2373 accepit'’
1295 2315 1371 2374 (3).
1423 2316 1505 2359 Sed

241 2468 293 2509 (l)
318 2469 369 2499 Cf.
395 2459 547 2499 κιῖῐποῑῐ.
573 2467 613 2500 ad
638 2468 673 2501 h.
701 2469 711 2498 l

239 2525 293 2564 (2)
319 2524 370 2556 Cf.
398 2534 550 2555 Rumon.
576 2524 617 2555 ad
642 2524 678 2555 h.
706 2523 730 2555 l.

241 2579 296 2621 (3)
320 2579 382 2611 Cff.
412 2590 606 2618 usui-oa,
634 2588 810 2615 sumant,
838 2587 1024 2609 rnlrzscmz
1041 2580 1076 2609 et
1098 2588 1291 2610 onsuwsmv
1315 2578 1355 2610 ad
1379 2589 1511 2613 nni-1³.

322 2634 389 2672 VI,
419 2634 472 2666 13.
499 2637 536 2666 et
561 2645 677 2666 wnuzn
705 2634 799 2665 Bibl.
825 2633 1075 2675 Renlwz'irlerb.
1100 2636 1160 2666 Th.
1194 2635 1219 2666 1.
1252 2636 1284 2667 S.
1312 2635 1393 2668 24¹.

1214 2700 1268 2734 τί*
