1711 3047
794 200 845 242 51

183 358 380 398 mouens,
423 356 571 384 omnes
606 340 695 383 fere
733 339 920 381 Graecos
957 336 1138 379 Codices
1176 335 1406 378 convenire
1439 336 1485 376 in

181 423 460 466 masculinum
487 423 560 466 τὸν
587 421 766 476 δίκαιον,
799 416 912 460 unde
946 417 1104 459 mirum
1137 430 1226 458 esse
1251 413 1377 470 dicit,
1410 430 1486 456 cur

180 516 350 544 ERAsmo
383 501 590 559 placuerit
622 500 668 542 in
692 507 844 541 neutro
874 510 1028 555 genere
1050 504 1214 548 vetere,
1247 509 1372 551 quem
1397 509 1487 535 sen—

181 595 275 622 sum
297 578 445 622 vident
463 594 610 621 omnes
633 576 833 636 frigidum
854 585 898 617 et
917 583 1116 616 coactum
1130 588 1218 614 esse
1233 572 1313 629 (1).
1358 570 1486 624 Quod

183 673 281 701 eum
317 658 384 701 vel
423 657 572 700 fecisse
605 666 744 715 patet,
789 654 863 696 ubi
901 668 980 712 pro
1021 652 1102 693 alia
1135 650 1322 693 lectione
1363 649 1486 707 plura

185 736 361 780 aderant
381 736 619 779 testimonia
637 734 691 777 ad
710 749 834 777 JOAN.
859 733 894 776 Ι.
923 732 978 774 28
992 763 1005 786 ‚
1026 730 1098 772 ubi
1121 730 1223 789 legit
1246 731 1487 787 Βηθαβαρᾷ

183 831 272 858 uon
303 817 519 872 Βηθανίᾳ.

245 895 450 936 Universe
473 893 642 951 quidem
668 892 855 949 sequitur
876 889 1107 932 lectionem
1135 904 1159 930 a
1179 902 1368 930 summae
1394 901 1494 928 auc⁴=

189 972 370 1013 toritatis
388 973 563 1013 testibus
585 981 823 1028 receptam,
847 978 1140 1010 verumtamen
1165 982 1253 1007 non
1285 965 1393 1006 adeo
1420 964 1493 1005 du-

189 1049 366 1090 cebatur
392 1048 477 1090 fide
509 1048 784 1106 Apostolicae
819 1046 973 1104 origini
1008 1045 1179 1097 habita,
1219 1054 1266 1084 ut
1301 1058 1396 1084 eam
1425 1058 1491 1084 re-

185 1126 377 1184 linquere
413 1142 502 1168 non
535 1128 588 1169 sit
621 1141 769 1180 ausu53
810 1141 848 1167 e.
887 1140 930 1183 g.
962 1138 1087 1166 JOAN.
1122 1123 1248 1177 XIX,
1287 1121 1359 1165 31.
1393 1122 1495 1180 legit

188 1204 240 1260 ἦν
269 1209 347 1263 γὰρ
371 1206 526 1262 μεγάλη
555 1212 581 1261 ή
610 1206 737 1262 ἡμέρα
766 1205 922 1249 ἐκείνου
950 1208 1020 1246 τοῦ
1052 1205 1284 1261 σαββάτου,
1322 1217 1410 1243 non
1442 1199 1496 1255 ἦν

190 1287 268 1342 γὰρ
296 1286 452 1340 μεγάλη
479 1291 504 1340 ἡ
533 1285 660 1340 ἡμέρα
696 1285 829 1340 ἐκείνη
859 1287 928 1326 τοῦ
959 1285 1188 1340 σαββάτου,
1226 1296 1331 1338 quae
1364 1280 1495 1322 lectio

189 1364 234 1404 in
269 1364 411 1405 multis
450 1364 758 1422 exemplaribus
793 1363 997 1416 habetur3
1036 1363 1140 1402 item
1176 1375 1300 1402 JoAN.
1337 1360 1381 1413 I,
1423 1359 1493 1402 28.

190 1443 287 1485 vide
308 1459 448 1502 supra.
513 1444 651 1485 Porro
682 1442 735 1485 de
765 1443 968 1500 pericope
1002 1454 1198 1482 JOANNEA
1221 1438 1341 1492 VIII,
1380 1453 1497 1481 1-11.

194 1520 324 1563 dubia
354 1520 562 1578 quaedam
594 1530 737 1562 movet
757 1519 847 1577 (2),
883 1534 1032 1560 verum
1058 1519 1165 1559 haec
1182 1532 1271 1558 non
1291 1514 1499 1571 ejusmodi

194 1614 283 1641 esse
308 1599 385 1653 ait,
408 1609 455 1639 ut
480 1598 698 1640 historiam
714 1629 725 1651 ,
761 1612 868 1654 quae
899 1596 1005 1637 nihil
1030 1596 1223 1637 continet
1244 1594 1499 1652 Apostolico

195 1678 345 1735 spiritu
376 1676 618 1735 indignum,
642 1676 686 1717 in
710 1691 831 1717 usum
852 1685 1043 1717 nostrum
1068 1683 1318 1715 convertere
1341 1672 1504 1714 dubita-

193 1771 349 1798 remus·

255 1832 467 1876 Laudibus
511 1831 768 1876 celebranda
803 1831 977 1874 tandem
1017 1846 1142 1889 saepe
1176 1840 1238 1872 est
1277 1829 1378 1871 felix
1418 1829 1506 1885 ejus

198 1913 518 1971 interpunctio:
562 1913 621 1954 ita
663 1927 788 1956 som.
825 1913 869 1967 I,
923 1911 991 1954 13.
1040 1921 1140 1969 post
1181 1910 1349 1963 γέγονεν
1384 1909 1509 1967 ponit

202 2002 434 2049 punctum3
485 1992 530 2033 in
577 2007 661 2048 quo
711 1991 983 2033 consentiunt
1028 2005 1176 2031 omnes
1220 1989 1309 2031 fere
1354 1987 1507 2029 Graeci

204 2069 386 2112 Codices
407 2069 497 2127 (3);
533 2070 636 2111 item
663 2062 908 2122 Act.'V111‚
946 2082 1001 2110 20
1027 2077 1070 2109 et
1102 2082 1173 2110 21.
1203 2067 1249 2108 in
1276 2067 1390 2108 hunc
1418 2080 1507 2107 mo-

247 2245 298 2287 (1)
325 2246 378 2277 Ita
392 2256 492 2285 uzi,
510 2254 693 2283 PISCATOR,
712 2252 877 2282 eronus,
895 2250 1270 2280 Kumom,on11zsmcn
1285 2244 1366 2273 etv.
1380 2250 1415 2274 1).
1430 2249 1519 2272 um

320 2301 361 2332 ad
381 2301 416 2333 h.
443 2301 468 2333 l.

246 2356 298 2399 (2)
323 2357 376 2388 lta
401 2357 559 2399 opinatur
580 2356 680 2388 etiam
701 2365 800 2388 uzi.
841 2355 1000 2387 Gnorms
1021 2363 1123 2392 vem,
1151 2362 1358 2391 wnrsrmn,
1388 2362 1516 2391 tucn,

333 2424 488 2445 rnozucx
504 2416 538 2446 et
555 2423 749 2445 otsniusmr
768 2411 913 2453 spuriam
935 2409 1063 2441 habent
1085 2409 1283 2451 pericopen.
1324 2409 1523 2440 Gnmsmcu

328 2471 363 2500 et
378 2479 500 2502 scnurz
522 2469 744 2512 probabiliter
762 2478 834 2499 esse
849 2467 1003 2499 omissam
1024 2467 1112 2499 hanc
1132 2466 1308 2498 historiam
1332 2465 1520 2505 declarant,

326 2535 393 2556 non
414 2527 462 2557 ita
488 2528 623 2566 tamen,
649 2530 688 2558 ut
707 2525 824 2557 nullus
846 2524 1052 2556 dubitationi
1075 2524 1172 2556 locus
1194 2522 1352 2565 supersit.

249 2580 304 2625 (3)
325 2581 446 2614 Eadem
461 2583 592 2615 ratione
608 2593 708 2621 nn,
727 2591 911 2620 mscA'ron,
927 2591 1093 2620 xmirou,
1116 2589 1321 2618 cnxtsmcn,
1337 2590 1370 2612 n.
1387 2587 1524 2613 scnntz.

335 2647 367 2668 V.
394 2648 427 2671 n.
456 2648 566 2679 utu,
596 2649 750 2672 rnotucx
775 2641 810 2671 et
834 2648 1028 2671 otsnivsmr
1055 2637 1096 2670 ad
1121 2637 1156 2669 h.
1183 2636 1207 2668 l.

1228 2700 1285 2750 4*
