1711 3047
847 157 928 198 110

721 352 947 403 CAPUT
983 353 1043 400 V.

490 501 537 524 DE
569 500 719 526 CALVINI
749 499 1097 525 INTERPRETATIONE
1127 500 1273 525 ETmCA.

780 631 973 647 w

291 743 590 803 Interpretatio
626 742 764 785 ethica
792 741 880 784 sive
912 741 1083 783 moralis
1116 752 1304 783 versatur
1328 742 1371 783 in
1405 758 1530 801 expo-

230 822 378 866 nendis
408 822 644 881 agentium,
679 820 967 878 loquentium,
1001 820 1279 862 scribentium
1313 831 1402 863 tum
1433 837 1530 864 eon·

228 903 322 945 silio
360 913 451 944 tum
485 899 809 959 affectionibus,
847 898 902 941 de
935 899 1083 958 quibus
1113 899 1351 958 singulatim
1386 899 1529 943 dicen—

229 979 328 1038 dum
360 979 487 1025 nobis
518 987 596 1021 est.

820 1103 928 1167 gl.

313 1246 564 1302 Agentium,
598 1241 824 1282 dicentium
856 1247 897 1280 et
924 1239 1196 1280 scribentium
1225 1240 1461 1282 consilium.

290 1398 420 1452 Quod
447 1400 596 1441 attinet
622 1395 676 1440 ad
701 1411 799 1449 θος,
834 1396 904 1453 qui
932 1395 976 1436 in
1007 1395 1220 1438 historicis
1249 1395 1304 1438 N.
1333 1396 1385 1439 T.
1416 1396 1533 1438 libris

232 1489 425 1538 agenteS‚
466 1476 653 1519 dicentes
686 1475 753 1517 vel
786 1475 1017 1517 scribentes
1046 1485 1304 1528 occurrunt,
1340 1485 1432 1516 tuto
1464 1491 1533 1516 su-

233 1558 380 1610 mitur,
407 1566 569 1598 certum
598 1553 812 1612 quoddam
837 1568 910 1596 eos
928 1553 1123 1596 habuisse
1149 1553 1392 1607 consilium,
1419 1552 1532 1610 quod

234 1635 429 1693 quidem,
470 1650 524 1676 ex
546 1649 723 1676 CALVINI
747 1632 976 1687 sententia,
1013 1647 1280 1690 proponere,
1318 1632 1439 1687 hujus
1473 1641 1534 1673 est

235 1714 339 1757 loci.
404 1713 604 1755 Feliciter
634 1710 864 1755 admodum
895 1711 940 1753 in
970 1710 1202 1753 indicando
1233 1711 1403 1752 illorum
1435 1725 1535 1752 con-

234 1792 329 1833 silio
351 1800 536 1831 versatus
561 1800 647 1842 est,
678 1789 836 1829 docens
863 1803 901 1828 e.
928 1803 966 1829 o.
993 1788 1078 1828 hoc
1102 1788 1284 1828 innuisse
1307 1789 1533 1843 Sos-picato-

234 1884 351 1922 rem,
387 1868 552 1910 MAr'rTH.
596 1865 634 1907 V
655 1898 667 1920 ,
707 1866 776 1922 39.
818 1866 995 1921 στρέψον
1039 1867 1151 1921 ἀντῷ
1185 1867 1254 1907 καὶ
1292 1869 1367 1918 τὴν
1402 1865 1535 1920 ἄλλην

236 1946 464 2005 (σιαγόνα),
494 1956 540 1986 ut
565 1960 653 1986 non
681 1955 845 1986 tantum
871 1944 1054 1985 feramus
1085 1944 1203 1984 taciti
1231 1944 1427 1998 injurias,
1463 1943 1537 1984 sed

236 2038 542 2083 componamus
575 2037 653 2064 nos
682 2021 736 2063 ad
760 2024 966 2078 majorem
993 2021 1286 2074 tolerantiam,
1315 2020 1348 2061 si
1378 2030 1539 2062 crescat

238 2119 287 2145 ac
323 2103 454 2163 magis
484 2102 671 2143 irritetur
702 2100 911 2142 malorum
942 2099 1192 2157 improbitas
1220 2110 1262 2141 et
1290 2098 1426 2140 libido
1458 2098 1534 2156 (1)

241 2183 304 2223 Ex
335 2191 538 2223 consueta
571 2178 826 2221 Judaeorum
864 2194 962 2235 erga
1002 2193 1220 2219 cnmsrnm
1254 2176 1461 2219 sentiendi
1497 2187 1539 2218 et

240 2259 391 2318 agendi
423 2259 590 2299 ratione
627 2257 789 2298 derivat
826 2271 974 2297 eorum
1011 2257 1259 2309 consilium,
1298 2271 1381 2312 quo
1418 2255 1536 2296 illum

240 2337 460 2395 impellere
489 2335 718 2389 volebant,
756 2344 802 2376 ut
838 2334 977 2392 palam
1010 2334 1296 2375 manifestaret
1315 2365 1327 2387 ,
1372 2348 1415 2374 se
1442 2333 1539 2374 mis-

280 2530 333 2572 (1)
359 2530 422 2562 cff.
450 2538 638 2565 usenox,
667 2537 839 2564 nno-rius,
879 2536 1055 2566 nmium»,
1081 2535 1265 2556 rmrzsmut
1294 2528 1328 2556 et
1352 2534 1544 2555 nummu

365 2585 404 2615 ad
427 2585 461 2617 h.
485 2585 510 2618 Ι.
