1711 3047
859 149 915 190 90

237 293 313 332 sub
350 290 430 331 alia
468 304 668 348 persona,
706 290 761 333 ad
798 291 978 333 MATTH(
1004 289 1127 345 XIV,
1162 306 1204 333 2.
1235 289 1358 344 XVI,
1399 294 1466 341 Izi.
1495 300 1536 332 et

236 382 360 410 JoAn.
379 368 424 422 I,
449 384 520 412 21.
542 380 658 412 recte
672 369 786 412 dicta
799 371 900 423 siut,
918 367 1112 426 equidem
1132 368 1294 412 dubito.
1358 368 1394 410 E
1413 367 1536 409 dictis

237 446 334 487 satis
360 462 571 506 superque
589 459 706 507 patet
728 463 951 491 cALvlnum
969 448 1013 490 in
1032 447 1197 507 pristini
1217 448 1419 506 temporis
1436 461 1537 488 con·

237 522 442 568 ditionem
475 542 519 569 se
549 529 714 586 penitus
743 529 989 571 insinuasse.

700 1009 928 1060 CAPUT
963 1012 1067 1058 ΙΙΙ.

461 1187 506 1211 DE
539 1185 688 1210 CALVINI
719 1184 1066 1209 INTERPRETATIONE
1096 1186 1318 1211 RHETORICA.

294 1536 524 1579 Videamus
548 1547 702 1592 porro,
734 1547 815 1590 qua
840 1532 1005 1574 ratione
1027 1542 1212 1574 versatus
1233 1532 1286 1573 sit
1306 1546 1534 1588 nummus,

237 1626 328 1658 tum
352 1616 395 1658 in
425 1611 750 1672 interpretandis
772 1612 896 1653 dietis
922 1616 1091 1669 tropicis
1117 1621 1159 1654 et
1174 1611 1417 1670 parabolae,
1446 1622 1537 1654 tum

178 1740 182 1743 ,
237 1696 280 1736 in
299 1695 464 1752 figuris
495 1696 699 1734 orationis
729 1689 1016 1733 observandis.

839 1846 947 1909 §L

721 2005 849 2045 Dicta
881 2009 1053 2061 tropica.

297 2165 348 2206 In
383 2162 506 2205 dictis
539 2162 715 2220 tropicis
752 2159 1011 2219 exponendis
1051 2175 1260 2203 cnvnvus
1299 2162 1538 2219 generalem

238 2254 402 2286 secutus
440 2251 502 2283 est
539 2240 754 2298 regulam,
789 2255 871 2296 qua
902 2239 1052 2293 docet,
1093 2239 1273 2297 singulas
1303 2239 1538 2280 similitudi-

238 2323 303 2364 nis
337 2331 459 2363 notas
494 2320 667 2361 minime
703 2317 978 2377 premendas,
1021 2318 1094 2360 sed
1133 2319 1194 2360 rei
1230 2328 1392 2360 tantum
1426 2334 1538 2361 sum-

239 2417 353 2444 niam
384 2398 677 2458 exponendam
710 2414 812 2441 esse.
878 2398 1101 2439 Praeterea
1135 2408 1301 2451 monet,
1337 2397 1540 2439 nonnulla

239 2482 392 2533 verba,
431 2495 482 2521 ex
518 2487 719 2520 consueto
753 2477 797 2519 S.
838 2477 1044 2519 librorum
1082 2492 1177 2531 usu⁷
1211 2477 1429 2535 inproprie
1453 2491 1539 2518 esse

241 2557 515 2616 accipienda,
556 2573 596 2600 e.
633 2572 670 2599 c.
706 2571 870 2600 MA'rrn.
906 2556 986 2612 IX,
1025 2558 1098 2608 24.
1134 2570 1267 2599 MARc.
1304 2555 1365 2609 V,
1399 2554 1469 2610 39.
1497 2562 1538 2595 et
