1711 3047
812 163 867 204 89

195 309 261 350 uti
296 317 338 349 et
370 305 580 363 originem
612 304 708 345 festi
743 302 960 344 instaurati
991 304 1138 361 templi
1170 319 1295 347 soAN.
1328 305 1389 358 X,
1424 320 1496 346 22.

201 385 338 437 »Quia
356 383 584 441 templum,
607 381 721 439 quod
735 381 942 440 pollutum
958 381 1108 436 fuerat,
1134 381 1187 424 de
1208 384 1374 442 integro
1397 399 1499 425 con-

199 473 436 504 usecratum
455 462 535 503 fuit
557 462 748 519 auspiciis
768 475 904 501 sumn
930 461 1169 513 Maccabei,
1197 486 1250 492 -
1276 462 1499 518 quotannis

198 541 350 583 »festus
388 552 478 583 erat
518 556 566 582 ac
604 540 782 582 celebris
822 538 1100 580 dedicationis
1137 555 1272 581 novae
1308 540 1418 592 dies,
1455 550 1501 581 ut

200 635 302 661 »DEI
337 620 538 677 gratiam,
574 634 680 675 quae
715 617 842 659 finem
876 632 1087 659 ANTIOCHI
1119 617 1329 674 tyrannidi
1365 619 1502 675 impo-

200 709 364 740 »suerat
375 729 386 751 ,
407 698 611 738 memoria
625 696 891 755 repeterent'’
907 695 984 753 (1>;
1001 711 1080 737 nec
1093 711 1178 737 non
1192 696 1503 737 Libertinorum

200 791 435 835 synagogae
460 777 556 818 Act.
584 775 668 828 VI,
696 790 739 831 9.
804 774 1055 816 »Probabile
1083 785 1145 816 est
1169 775 1324 816 civium
1348 774 1504 816 Roma-

203 871 384 896 »norum
421 855 595 896 libertos
639 854 721 895 suis
765 854 968 895 sumtibus
1004 853 1302 895 exstruendam
1340 869 1505 896 curasse

200 949 480 992 »synagogam
494 965 505 986 ‚
541 948 647 989 quae
666 933 890 990 peculiaris
917 943 1023 974 esset
1040 932 1228 987 Judaeis,
1262 934 1332 989 qui
1352 933 1504 974 Hiero-

201 1012 435 1068 »solymam
470 1026 520 1052 ex
550 1012 779 1068 provinciis
815 1011 1133 1052 commeabant'’
1158 1011 1232 1068 (2).
1301 1012 1366 1052 De
1403 1010 1506 1055 civis

198 1088 382 1130 Romani
407 1090 502 1144 jure
537 1087 640 1129 dicit
671 1087 725 1128 ad
753 1090 851 1129 Act.
883 1088 1028 1141 XXII,
1067 1088 1142 1131 26:
1207 1087 1317 1141 »Qui
1344 1104 1388 1130 se
1420 1090 1506 1131 Ro-

199 1182 401 1209 »manum
426 1167 563 1208 civem
595 1166 825 1220 asserebat,
860 1166 939 1207 nisi
971 1167 1239 1225 cognitorem
1264 1166 1406 1221 daret,
1440 1168 1507 1209 vel

199 1246 413 1304 »legitime
447 1245 650 1302 probaret
685 1259 729 1285 se
767 1244 904 1286 civem
946 1259 1052 1296 esse,
1094 1246 1364 1302 puniebatur.
1430 1247 1506 1288 Ca-

201 1323 359 1381 »pitale
384 1322 496 1363 enim
520 1332 629 1375 erat,
669 1321 775 1362 salso
795 1324 861 1377 jus
886 1323 1064 1363 civitatis
1088 1323 1346 1376 obtendere,
1379 1339 1506 1380 quare

202 1400 429 1442 »Centurio
467 1415 558 1441 rem
591 1400 706 1456 quasi
738 1398 911 1440 dubiam
942 1399 996 1441 ad
1020 1401 1235 1442 tribunum
1259 1401 1438 1455 refert;'’
1464 1413 1506 1444 et

200 1478 253 1521 de
281 1479 446 1537 lingua,
479 1494 577 1519 JESU
610 1489 803 1536 tempore
831 1480 1001 1533 usitata,
1037 1481 1132 1522 Act.
1166 1481 1209 1534 I,
1243 1496 1309 1536 19.
1343 1488 1395 1537 τῇ
1422 1483 1507 1538 ῖδίᾳ

202 1559 405 1612 διαλέκτῳ
442 1575 478 1600 κ.
509 1575 545 1599 τ.
578 1558 618 1600 λ.
654 1557 875 1598 Hebraeos
913 1558 987 1598 sua
1021 1558 1160 1616 lingua
1198 1560 1257 1600 sic
1301 1575 1502 1616 vocasse,

199 1636 376 1689 scilicet,
394 1635 527 1692 qualis
544 1646 641 1693 post
658 1635 826 1676 exilium
844 1636 1152 1693 Babylonicum
1172 1638 1244 1679 illa
1261 1639 1305 1679 in
1324 1655 1399 1680 usu
1417 1651 1507 1682 erat

201 1714 392 1767 Judaeis,
426 1714 556 1755 mixta
588 1729 637 1755 ex
666 1714 835 1771 Syriaca
870 1725 911 1756 et
948 1714 1190 1758 Chaldaics.
1254 1718 1507 1761 Doctrinam

199 1807 516 1834 SADDUCEORUM
551 1792 737 1834 breviter
770 1792 901 1833 tradit
919 1794 1017 1834 Act.
1041 1793 1210 1848 XXIII,
1238 1796 1279 1837 8.
1346 1796 1502 1849 »Quod

199 1871 576 1913 »resurrectionem
596 1871 806 1929 negabant
826 1886 1088 1927 SADDUCAH,
1111 1887 1199 1914 non
1222 1884 1297 1928 est,
1315 1890 1390 1916 cur
1407 1875 1505 1918 ideo

202 1961 445 2008 »putemus,
495 1950 539 1989 in
575 1960 712 1990 totum
751 1949 907 1991 similes
943 1950 1070 1992 fuisse
1111 1967 1351 1996 Emeunms.
1427 1954 1506 1997 Fa-

202 2029 424 2070 „tebantur
448 2028 560 2069 enim
590 2026 795 2068 mundum
829 2028 919 2085 regi
942 2044 1017 2068 DEI
1048 2030 1316 2085 providentia
1342 2043 1385 2073 et
1415 2034 1506 2074 uni-

203 2129 220 2145 »
232 2108 382 2163 cuique
397 2105 639 2148 mercedem
652 2121 732 2163 pro
747 2106 946 2163 operibus
959 2106 1150 2165 rependi,
1166 2133 1222 2139 —-
1235 2108 1309 2150 sed
1320 2111 1505 2165 justitiae

203 2209 220 2225 ἱ)
229 2187 418 2246 praemia
441 2197 483 2228 et
506 2186 712 2227 scelerum
735 2201 894 2244 poenas
914 2186 959 2227 in
980 2187 1061 2228 hac
1080 2187 1166 2229 vita
1187 2188 1504 2234 includebant.”

258 2267 372 2307 Num
403 2281 528 2318 vero,
566 2280 670 2322 quae
699 2264 803 2305 dixit
834 2264 886 2306 de
915 2267 1132 2307 communi
1162 2267 1250 2309 fere
1273 2269 1500 2326 opinione,

199 2361 296 2387 ,nasu
321 2356 363 2387 et
387 2344 695 2403 Apostolorum
718 2354 876 2398 aetate,
911 2355 1102 2386 mortuos
1131 2345 1270 2388 redire
1298 2347 1342 2389 in
1373 2349 1502 2391 vitam

239 2527 293 2568 (l)
319 2528 380 2561 Css'.
409 2539 491 2559 mm
508 2551 519 2568 ‚
547 2540 715 2562 mscsson
740 2534 775 2562 et
801 2531 919 2573 optimi
944 2532 1160 2575 interprete&

240 2583 292 2627 (2)
317 2585 380 2617 eff.
408 2596 578 2626 anonas,
608 2597 782 2627 antron,
811 2598 842 2620 v.
870 2600 904 2622 n.
930 2599 1019 2621 nm
1045 2593 1081 2622 et
1107 2599 1300 2623 otsuAusEn
1326 2587 1371 2622 ad
1396 2589 1432 2623 h.
1457 2591 1482 2623 1.
