<?xml version="1.0" encoding="UTF-8"?>
<!DOCTYPE html PUBLIC "-//W3C//DTD XHTML 1.0 Transitional//EN"
    "http://www.w3.org/TR/xhtml1/DTD/xhtml1-transitional.dtd">
<html xmlns="http://www.w3.org/1999/xhtml" xml:lang="en" lang="en">
 <head>
  <title>
</title>
<meta http-equiv="Content-Type" content="text/html;charset=utf-8" />
  <meta name='ocr-system' content='tesseract 3.04.00' />
  <meta name='ocr-capabilities' content='ocr_page ocr_carea ocr_par ocr_line ocrx_word'/>
</head>
<body>
  <div class='ocr_page' id='page_1' title='image "./disquisitiodecal00esch_0036.png"; bbox 0 0 1711 3047; ppageno 0'>
   <div class='ocr_carea' id='block_1_1' title="bbox 778 254 829 292">
    <p class='ocr_par' dir='ltr' id='par_1_1' title="bbox 778 254 829 292">
     <span class='ocr_line' id='line_1_1' title="bbox 778 254 829 292; baseline 0.02 -1"><span class='ocrx_word' id='word_1_1' title='bbox 778 254 829 292; x_wconf 89' lang='lat'>20</span> 
     </span>
    </p>
   </div>
   <div class='ocr_carea' id='block_1_2' title="bbox 162 359 1446 2275">
    <p class='ocr_par' dir='ltr' id='par_1_2' title="bbox 162 359 1446 2275">
     <span class='ocr_line' id='line_1_2' title="bbox 167 359 1438 416; baseline -0.006 -13"><span class='ocrx_word' id='word_1_2' title='bbox 167 379 262 416; x_wconf 82' lang='lat' dir='ltr'>quae</span> <span class='ocrx_word' id='word_1_3' title='bbox 300 361 516 416; x_wconf 83' lang='lat' dir='ltr'>possidetur</span> <span class='ocrx_word' id='word_1_4' title='bbox 550 361 598 398; x_wconf 90' lang='lat' dir='ltr'>ab</span> <span class='ocrx_word' id='word_1_5' title='bbox 633 361 710 399; x_wconf 84' lang='lat' dir='ltr'>alio</span> <span class='ocrx_word' id='word_1_6' title='bbox 734 374 846 412; x_wconf 89' lang='lat' dir='ltr'>quam</span> <span class='ocrx_word' id='word_1_7' title='bbox 881 374 901 397; x_wconf 88' lang='lat' dir='ltr'><strong>a</strong></span> <span class='ocrx_word' id='word_1_8' title='bbox 929 359 1111 408; x_wconf 89' lang='lat' dir='ltr'>domino,</span> <span class='ocrx_word' id='word_1_9' title='bbox 1140 373 1172 397; x_wconf 88' lang='lat' dir='ltr'>e.</span> <span class='ocrx_word' id='word_1_10' title='bbox 1203 373 1237 411; x_wconf 85' lang='lat' dir='ltr'>g.</span> <span class='ocrx_word' id='word_1_11' title='bbox 1258 361 1345 410; x_wconf 84' lang='lat' dir='ltr'>jure</span> <span class='ocrx_word' id='word_1_12' title='bbox 1372 371 1438 396; x_wconf 88' lang='lat' dir='ltr'>su-</span> 
     </span>
     <span class='ocr_line' id='line_1_3' title="bbox 166 439 1438 498; baseline -0.006 -14"><span class='ocrx_word' id='word_1_13' title='bbox 166 445 335 498; x_wconf 87' lang='lat' dir='ltr'>perficiei</span> <span class='ocrx_word' id='word_1_14' title='bbox 363 453 428 483; x_wconf 82' lang='lat' dir='ltr'>aut</span> <span class='ocrx_word' id='word_1_15' title='bbox 468 442 778 496; x_wconf 78' lang='lat' dir='ltr'>emphyteutico,</span> <span class='ocrx_word' id='word_1_16' title='bbox 804 457 883 481; x_wconf 89' lang='lat' dir='ltr'>non</span> <span class='ocrx_word' id='word_1_17' title='bbox 908 441 1082 494; x_wconf 86' lang='lat' dir='ltr'>partibus</span> <span class='ocrx_word' id='word_1_18' title='bbox 1108 440 1256 479; x_wconf 85' lang='lat' dir='ltr'>domini</span> <span class='ocrx_word' id='word_1_19' title='bbox 1277 439 1438 488; x_wconf 86' lang='lat' dir='ltr'>directi,</span> 
     </span>
     <span class='ocr_line' id='line_1_4' title="bbox 166 521 1438 571; baseline -0.004 -6"><span class='ocrx_word' id='word_1_20' title='bbox 166 527 232 566; x_wconf 85' lang='lat' dir='ltr'>sed</span> <span class='ocrx_word' id='word_1_21' title='bbox 258 527 406 565; x_wconf 88' lang='lat' dir='ltr'>domini</span> <span class='ocrx_word' id='word_1_22' title='bbox 432 525 538 563; x_wconf 82' lang='lat' dir='ltr'>utilis</span> <span class='ocrx_word' id='word_1_23' title='bbox 564 538 640 562; x_wconf 89' lang='lat' dir='ltr'>esse</span> <span class='ocrx_word' id='word_1_24' title='bbox 668 523 989 571; x_wconf 78' lang='lat' dir='ltr'>adscribendum3</span> <span class='ocrx_word' id='word_1_25' title='bbox 1018 521 1145 560; x_wconf 87' lang='lat' dir='ltr'>verbis</span> <span class='ocrx_word' id='word_1_26' title='bbox 1171 522 1295 559; x_wconf 88' lang='lat' dir='ltr'>enim:</span> <span class='ocrx_word' id='word_1_27' title='bbox 1329 535 1347 555; x_wconf 93' lang='lat'>«</span> <span class='ocrx_word' id='word_1_28' title='bbox 1363 521 1438 559; x_wconf 95' lang='lat' dir='ltr'>Zoo</span> 
     </span>
     <span class='ocr_line' id='line_1_5' title="bbox 176 602 1443 660; baseline -0.006 -13"><span class='ocrx_word' id='word_1_29' title='bbox 176 609 272 647; x_wconf 82' lang='lat' dir='ltr'>«die</span> <span class='ocrx_word' id='word_1_30' title='bbox 314 608 515 660; x_wconf 80' lang='lat' dir='ltr'>gevonden</span> <span class='ocrx_word' id='word_1_31' title='bbox 556 607 586 644; x_wconf 88' lang='lat' dir='ltr'>is</span> <span class='ocrx_word' id='word_1_32' title='bbox 602 637 610 653; x_wconf 79' lang='grc'>,</span> <span class='ocrx_word' id='word_1_33' title='bbox 654 606 863 657; x_wconf 82' lang='lat' dir='ltr'><strong>verborgen</strong></span> <span class='ocrx_word' id='word_1_34' title='bbox 905 606 944 642; x_wconf 90' lang='lat' dir='ltr'>in</span> <span class='ocrx_word' id='word_1_35' title='bbox 981 618 1050 641; x_wconf 86' lang='lat' dir='ltr'>een</span> <span class='ocrx_word' id='word_1_36' title='bbox 1084 603 1266 655; x_wconf 84' lang='lat' dir='ltr'>gebouvv‚</span> <span class='ocrx_word' id='word_1_37' title='bbox 1307 602 1373 640; x_wconf 86' lang='lat' dir='ltr'>dat</span> <span class='ocrx_word' id='word_1_38' title='bbox 1400 603 1443 641; x_wconf 83' lang='lat' dir='ltr'>of</span> 
     </span>
     <span class='ocr_line' id='line_1_6' title="bbox 170 683 1439 741; baseline -0.006 -14"><span class='ocrx_word' id='word_1_39' title='bbox 170 704 188 724; x_wconf 90' lang='lat'>«</span> <span class='ocrx_word' id='word_1_40' title='bbox 206 690 255 741; x_wconf 77' lang='lat' dir='ltr'>hij</span> <span class='ocrx_word' id='word_1_41' title='bbox 292 689 413 741; x_wconf 80' lang='lat' dir='ltr'>opstal</span> <span class='ocrx_word' id='word_1_42' title='bbox 439 689 482 726; x_wconf 86' lang='lat' dir='ltr'>of</span> <span class='ocrx_word' id='word_1_43' title='bbox 511 688 552 725; x_wconf 87' lang='lat' dir='ltr'>in</span> <span class='ocrx_word' id='word_1_44' title='bbox 582 687 754 725; x_wconf 89' lang='lat' dir='ltr'>dominio</span> <span class='ocrx_word' id='word_1_45' title='bbox 782 687 867 724; x_wconf 91' lang='lat' dir='ltr'>utili</span> <span class='ocrx_word' id='word_1_46' title='bbox 898 686 1021 724; x_wconf 87' lang='lat' dir='ltr'>wordt</span> <span class='ocrx_word' id='word_1_47' title='bbox 1046 684 1204 722; x_wconf 82' lang='lat' dir='ltr'>bezeten</span> <span class='ocrx_word' id='word_1_48' title='bbox 1221 700 1238 720; x_wconf 72' lang='lat' dir='ltr'>n</span> <span class='ocrx_word' id='word_1_49' title='bbox 1271 683 1439 721; x_wconf 87' lang='lat' dir='ltr'>indicari</span> 
     </span>
     <span class='ocr_line' id='line_1_7' title="bbox 165 764 1439 820; baseline -0.005 -13"><span class='ocrx_word' id='word_1_50' title='bbox 165 771 259 807; x_wconf 90' lang='lat' dir='ltr'>mihi</span> <span class='ocrx_word' id='word_1_51' title='bbox 288 769 442 808; x_wconf 84' lang='lat' dir='ltr'>videtur</span> <span class='ocrx_word' id='word_1_52' title='bbox 460 778 537 806; x_wconf 82' lang='lat' dir='ltr'>tam</span> <span class='ocrx_word' id='word_1_53' title='bbox 557 768 815 820; x_wconf 82' lang='lat' dir='ltr'>Emphyteuta</span> <span class='ocrx_word' id='word_1_54' title='bbox 834 781 946 818; x_wconf 84' lang='lat' dir='ltr'>quam</span> <span class='ocrx_word' id='word_1_55' title='bbox 967 766 1260 818; x_wconf 86' lang='lat' dir='ltr'>superficiarius.</span> <span class='ocrx_word' id='word_1_56' title='bbox 1304 764 1351 802; x_wconf 94' lang='lat' dir='ltr'>Id</span> <span class='ocrx_word' id='word_1_57' title='bbox 1376 778 1439 802; x_wconf 85' lang='lat' dir='ltr'>au-</span> 
     </span>
     <span class='ocr_line' id='line_1_8' title="bbox 166 847 1441 902; baseline -0.004 -14"><span class='ocrx_word' id='word_1_58' title='bbox 166 860 241 888; x_wconf 90' lang='lat' dir='ltr'>tem</span> <span class='ocrx_word' id='word_1_59' title='bbox 263 864 385 901; x_wconf 90' lang='lat' dir='ltr'>neque</span> <span class='ocrx_word' id='word_1_60' title='bbox 405 850 673 902; x_wconf 88' lang='lat' dir='ltr'>plerorumque</span> <span class='ocrx_word' id='word_1_61' title='bbox 694 849 951 901; x_wconf 84' lang='lat' dir='ltr'>delegatorum</span> <span class='ocrx_word' id='word_1_62' title='bbox 974 861 1097 899; x_wconf 85' lang='lat' dir='ltr'>neque</span> <span class='ocrx_word' id='word_1_63' title='bbox 1119 847 1344 899; x_wconf 84' lang='lat' dir='ltr'>legislatoris</span> <span class='ocrx_word' id='word_1_64' title='bbox 1358 859 1441 884; x_wconf 88' lang='lat' dir='ltr'>sen·</span> 
     </span>
     <span class='ocr_line' id='line_1_9' title="bbox 162 927 1441 982; baseline -0.004 -13"><span class='ocrx_word' id='word_1_65' title='bbox 162 932 283 970; x_wconf 87' lang='lat' dir='ltr'>tentia</span> <span class='ocrx_word' id='word_1_66' title='bbox 312 930 466 970; x_wconf 85' lang='lat' dir='ltr'>videtur</span> <span class='ocrx_word' id='word_1_67' title='bbox 493 930 609 968; x_wconf 87' lang='lat' dir='ltr'>fuisse</span> <span class='ocrx_word' id='word_1_68' title='bbox 625 960 634 978; x_wconf 84' lang='grc'>,</span> <span class='ocrx_word' id='word_1_69' title='bbox 661 930 764 981; x_wconf 89' lang='lat' dir='ltr'>quod</span> <span class='ocrx_word' id='word_1_70' title='bbox 790 939 894 982; x_wconf 82' lang='lat' dir='ltr'>patet</span> <span class='ocrx_word' id='word_1_71' title='bbox 920 943 967 967; x_wconf 85' lang='lat' dir='ltr'>ex</span> <span class='ocrx_word' id='word_1_72' title='bbox 993 928 1257 980; x_wconf 86' lang='lat' dir='ltr'>sequentibus:</span> <span class='ocrx_word' id='word_1_73' title='bbox 1289 927 1441 964; x_wconf 87' lang='lat' dir='ltr'>«Want</span> 
     </span>
     <span class='ocr_line' id='line_1_10' title="bbox 169 1007 1439 1064; baseline -0.003 -14"><span class='ocrx_word' id='word_1_74' title='bbox 169 1012 250 1050; x_wconf 85' lang='lat' dir='ltr'>«de</span> <span class='ocrx_word' id='word_1_75' title='bbox 277 1014 459 1050; x_wconf 77' lang='lat' dir='ltr'>hum-der</span> <span class='ocrx_word' id='word_1_76' title='bbox 473 1043 483 1060; x_wconf 79' lang='lat'><strong><em>,</em></strong></span> <span class='ocrx_word' id='word_1_77' title='bbox 510 1011 557 1049; x_wconf 91' lang='lat' dir='ltr'>de</span> <span class='ocrx_word' id='word_1_78' title='bbox 579 1013 940 1064; x_wconf 73' lang='lat' dir='ltr'>vruchtgebruz&#39;ker</span> <span class='ocrx_word' id='word_1_79' title='bbox 954 1041 964 1059; x_wconf 90' lang='lat'><em>‚</em></span> <span class='ocrx_word' id='word_1_80' title='bbox 991 1010 1038 1047; x_wconf 88' lang='lat' dir='ltr'>de</span> <span class='ocrx_word' id='word_1_81' title='bbox 1053 1011 1286 1060; x_wconf 76' lang='lat' dir='ltr'>erfpachter</span> <span class='ocrx_word' id='word_1_82' title='bbox 1299 1039 1309 1056; x_wconf 82' lang='grc'>,</span> <span class='ocrx_word' id='word_1_83' title='bbox 1324 1007 1439 1046; x_wconf 87' lang='lat' dir='ltr'>beho-</span> 
     </span>
     <span class='ocr_line' id='line_1_11' title="bbox 170 1089 1439 1145; baseline -0.003 -14"><span class='ocrx_word' id='word_1_84' title='bbox 170 1108 188 1128; x_wconf 90' lang='lat'>«</span> <span class='ocrx_word' id='word_1_85' title='bbox 205 1107 273 1131; x_wconf 89' lang='lat' dir='ltr'>ren</span> <span class='ocrx_word' id='word_1_86' title='bbox 295 1107 388 1145; x_wconf 83' lang='lat' dir='ltr'>geen</span> <span class='ocrx_word' id='word_1_87' title='bbox 410 1102 490 1145; x_wconf 84' lang='lat' dir='ltr'>regt</span> <span class='ocrx_word' id='word_1_88' title='bbox 512 1107 560 1145; x_wconf 89' lang='lat' dir='ltr'>op</span> <span class='ocrx_word' id='word_1_89' title='bbox 580 1093 657 1131; x_wconf 91' lang='lat' dir='ltr'>den</span> <span class='ocrx_word' id='word_1_90' title='bbox 679 1093 785 1131; x_wconf 87' lang='lat' dir='ltr'>schat</span> <span class='ocrx_word' id='word_1_91' title='bbox 806 1102 842 1131; x_wconf 91' lang='lat' dir='ltr'>te</span> <span class='ocrx_word' id='word_1_92' title='bbox 861 1092 1035 1139; x_wconf 85' lang='lat' dir='ltr'>hebben,</span> <span class='ocrx_word' id='word_1_93' title='bbox 1057 1091 1134 1129; x_wconf 82' lang='lat' dir='ltr'>dan</span> <span class='ocrx_word' id='word_1_94' title='bbox 1157 1105 1248 1130; x_wconf 88' lang='lat' dir='ltr'>voor</span> <span class='ocrx_word' id='word_1_95' title='bbox 1267 1104 1332 1128; x_wconf 92' lang='lat' dir='ltr'>zoo</span> <span class='ocrx_word' id='word_1_96' title='bbox 1354 1089 1439 1128; x_wconf 84' lang='lat' dir='ltr'>veel</span> 
     </span>
     <span class='ocr_line' id='line_1_12' title="bbox 169 1171 1441 1226; baseline -0.005 -13"><span class='ocrx_word' id='word_1_97' title='bbox 169 1174 260 1212; x_wconf 89' lang='lat' dir='ltr'>«dit</span> <span class='ocrx_word' id='word_1_98' title='bbox 294 1189 367 1213; x_wconf 78' lang='lat' dir='ltr'>aan</span> <span class='ocrx_word' id='word_1_99' title='bbox 395 1175 501 1212; x_wconf 89' lang='lat' dir='ltr'>ieder</span> <span class='ocrx_word' id='word_1_100' title='bbox 537 1174 677 1213; x_wconf 85' lang='lat' dir='ltr'>vinder</span> <span class='ocrx_word' id='word_1_101' title='bbox 712 1175 742 1212; x_wconf 91' lang='lat' dir='ltr'>is</span> <span class='ocrx_word' id='word_1_102' title='bbox 780 1173 1019 1226; x_wconf 85' lang='lat' dir='ltr'>toegekend‚</span> <span class='ocrx_word' id='word_1_103' title='bbox 1041 1172 1168 1210; x_wconf 81' lang='lat' dir='ltr'>omdat</span> <span class='ocrx_word' id='word_1_104' title='bbox 1194 1171 1242 1210; x_wconf 90' lang='lat' dir='ltr'>de</span> <span class='ocrx_word' id='word_1_105' title='bbox 1265 1172 1441 1223; x_wconf 84' lang='lat' dir='ltr'>eigenaar</span> 
     </span>
     <span class='ocr_line' id='line_1_13' title="bbox 169 1254 1438 1307; baseline -0.003 -14"><span class='ocrx_word' id='word_1_106' title='bbox 169 1256 285 1293; x_wconf 85' lang='lat' dir='ltr'>«niet</span> <span class='ocrx_word' id='word_1_107' title='bbox 317 1256 396 1293; x_wconf 86' lang='lat' dir='ltr'>kan</span> <span class='ocrx_word' id='word_1_108' title='bbox 429 1255 563 1307; x_wconf 84' lang='lat' dir='ltr'>geacht</span> <span class='ocrx_word' id='word_1_109' title='bbox 591 1255 750 1294; x_wconf 86' lang='lat' dir='ltr'>worden</span> <span class='ocrx_word' id='word_1_110' title='bbox 777 1269 847 1293; x_wconf 88' lang='lat' dir='ltr'>een</span> <span class='ocrx_word' id='word_1_111' title='bbox 874 1263 954 1306; x_wconf 85' lang='lat' dir='ltr'>regt</span> <span class='ocrx_word' id='word_1_112' title='bbox 979 1263 1015 1292; x_wconf 92' lang='lat' dir='ltr'>te</span> <span class='ocrx_word' id='word_1_113' title='bbox 1041 1254 1197 1291; x_wconf 84' lang='lat' dir='ltr'>hebben</span> <span class='ocrx_word' id='word_1_114' title='bbox 1225 1254 1438 1305; x_wconf 81' lang='lat' dir='ltr'>afgestaan‚</span> 
     </span>
     <span class='ocr_line' id='line_1_14' title="bbox 169 1332 1439 1388; baseline -0.002 -15"><span class='ocrx_word' id='word_1_115' title='bbox 169 1335 375 1374; x_wconf 81' lang='lat' dir='ltr'>«hetvvelk</span> <span class='ocrx_word' id='word_1_116' title='bbox 414 1336 545 1388; x_wconf 86' lang='lat' dir='ltr'>geheel</span> <span class='ocrx_word' id='word_1_117' title='bbox 579 1336 735 1375; x_wconf 86' lang='lat' dir='ltr'>vreemd</span> <span class='ocrx_word' id='word_1_118' title='bbox 768 1337 799 1374; x_wconf 91' lang='lat' dir='ltr'>is</span> <span class='ocrx_word' id='word_1_119' title='bbox 835 1350 907 1373; x_wconf 83' lang='lat' dir='ltr'>aan</span> <span class='ocrx_word' id='word_1_120' title='bbox 940 1335 1005 1373; x_wconf 88' lang='lat' dir='ltr'>het</span> <span class='ocrx_word' id='word_1_121' title='bbox 1030 1344 1167 1386; x_wconf 81' lang='lat' dir='ltr'>genot,</span> <span class='ocrx_word' id='word_1_122' title='bbox 1201 1343 1366 1373; x_wconf 83' lang='lat' dir='ltr'>waartoe</span> <span class='ocrx_word' id='word_1_123' title='bbox 1391 1332 1439 1371; x_wconf 91' lang='lat' dir='ltr'>de</span> 
     </span>
     <span class='ocr_line' id='line_1_15' title="bbox 173 1414 1342 1468; baseline 0 -17"><span class='ocrx_word' id='word_1_124' title='bbox 173 1432 190 1451; x_wconf 73' lang='grc' dir='ltr'>ι(</span> <span class='ocrx_word' id='word_1_125' title='bbox 208 1417 417 1468; x_wconf 83' lang='lat' dir='ltr'>verhuring</span> <span class='ocrx_word' id='word_1_126' title='bbox 432 1447 442 1464; x_wconf 88' lang='lat'><em>‚</em></span> <span class='ocrx_word' id='word_1_127' title='bbox 470 1417 740 1468; x_wconf 86' lang='lat' dir='ltr'>verpachting,</span> <span class='ocrx_word' id='word_1_128' title='bbox 766 1430 848 1455; x_wconf 89' lang='lat' dir='ltr'>enz.</span> <span class='ocrx_word' id='word_1_129' title='bbox 876 1416 1134 1466; x_wconf 83' lang='lat' dir='ltr'>betrekkelijk</span> <span class='ocrx_word' id='word_1_130' title='bbox 1160 1430 1250 1454; x_wconf 85' lang='lat' dir='ltr'><strong>was.</strong></span> <span class='ocrx_word' id='word_1_131' title='bbox 1271 1414 1342 1466; x_wconf 83' lang='lat' dir='ltr'>l)»</span> 
     </span>
     <span class='ocr_line' id='line_1_16' title="bbox 220 1496 1439 1549; baseline -0.003 -13"><span class='ocrx_word' id='word_1_132' title='bbox 220 1497 477 1549; x_wconf 84' lang='lat' dir='ltr'>Denegandus</span> <span class='ocrx_word' id='word_1_133' title='bbox 504 1497 622 1548; x_wconf 86' lang='lat' dir='ltr'>igitur</span> <span class='ocrx_word' id='word_1_134' title='bbox 656 1496 771 1534; x_wconf 90' lang='lat' dir='ltr'>hodie</span> <span class='ocrx_word' id='word_1_135' title='bbox 807 1497 901 1535; x_wconf 85' lang='lat' dir='ltr'>mihi</span> <span class='ocrx_word' id='word_1_136' title='bbox 937 1497 1136 1534; x_wconf 78' lang='lat' dir='ltr'>thesaurus</span> <span class='ocrx_word' id='word_1_137' title='bbox 1160 1496 1439 1548; x_wconf 82' lang='lat' dir='ltr'>Emphyteutae</span> 
     </span>
     <span class='ocr_line' id='line_1_17' title="bbox 166 1577 1439 1630; baseline -0.003 -13"><span class='ocrx_word' id='word_1_138' title='bbox 166 1579 344 1626; x_wconf 87' lang='lat' dir='ltr'>videtur,</span> <span class='ocrx_word' id='word_1_139' title='bbox 385 1579 460 1616; x_wconf 91' lang='lat' dir='ltr'>nisi</span> <span class='ocrx_word' id='word_1_140' title='bbox 494 1579 574 1630; x_wconf 88' lang='lat' dir='ltr'>ipse</span> <span class='ocrx_word' id='word_1_141' title='bbox 602 1577 704 1615; x_wconf 88' lang='lat' dir='ltr'>illud</span> <span class='ocrx_word' id='word_1_142' title='bbox 732 1578 773 1615; x_wconf 91' lang='lat' dir='ltr'>in</span> <span class='ocrx_word' id='word_1_143' title='bbox 803 1578 927 1616; x_wconf 87' lang='lat' dir='ltr'>fundo</span> <span class='ocrx_word' id='word_1_144' title='bbox 965 1577 1248 1630; x_wconf 83' lang='lat' dir='ltr'>emphyteutico</span> <span class='ocrx_word' id='word_1_145' title='bbox 1274 1577 1439 1615; x_wconf 84' lang='lat' dir='ltr'>invene-</span> 
     </span>
     <span class='ocr_line' id='line_1_18' title="bbox 166 1658 1437 1710; baseline -0.002 -13"><span class='ocrx_word' id='word_1_146' title='bbox 166 1661 239 1707; x_wconf 85' lang='lat' dir='ltr'>rit,</span> <span class='ocrx_word' id='word_1_147' title='bbox 278 1673 352 1710; x_wconf 91' lang='lat' dir='ltr'>quo</span> <span class='ocrx_word' id='word_1_148' title='bbox 379 1673 466 1697; x_wconf 88' lang='lat' dir='ltr'>casu</span> <span class='ocrx_word' id='word_1_149' title='bbox 494 1658 696 1696; x_wconf 82' lang='lat' dir='ltr'>dimidiam</span> <span class='ocrx_word' id='word_1_150' title='bbox 724 1668 869 1710; x_wconf 83' lang='lat' dir='ltr'>partem</span> <span class='ocrx_word' id='word_1_151' title='bbox 894 1668 1076 1709; x_wconf 82' lang='lat' dir='ltr'>tanquam</span> <span class='ocrx_word' id='word_1_152' title='bbox 1104 1659 1285 1697; x_wconf 81' lang='lat' dir='ltr'>inventor</span> <span class='ocrx_word' id='word_1_153' title='bbox 1310 1658 1437 1696; x_wconf 86' lang='lat' dir='ltr'>habet.</span> 
     </span>
     <span class='ocr_line' id='line_1_19' title="bbox 167 1738 1440 1792; baseline -0.002 -14"><span class='ocrx_word' id='word_1_154' title='bbox 167 1741 305 1792; x_wconf 81' lang='lat' dir='ltr'>Magna</span> <span class='ocrx_word' id='word_1_155' title='bbox 352 1739 448 1777; x_wconf 89' lang='lat' dir='ltr'>mihi</span> <span class='ocrx_word' id='word_1_156' title='bbox 495 1740 607 1776; x_wconf 87' lang='lat' dir='ltr'>etiam</span> <span class='ocrx_word' id='word_1_157' title='bbox 654 1739 808 1778; x_wconf 88' lang='lat' dir='ltr'>videtur</span> <span class='ocrx_word' id='word_1_158' title='bbox 851 1739 1066 1777; x_wconf 82' lang='lat' dir='ltr'>differentia</span> <span class='ocrx_word' id='word_1_159' title='bbox 1114 1739 1155 1775; x_wconf 91' lang='lat' dir='ltr'>in</span> <span class='ocrx_word' id='word_1_160' title='bbox 1194 1738 1264 1775; x_wconf 83' lang='lat' dir='ltr'>hac</span> <span class='ocrx_word' id='word_1_161' title='bbox 1303 1752 1440 1789; x_wconf 83' lang='lat' dir='ltr'>quaes-</span> 
     </span>
     <span class='ocr_line' id='line_1_20' title="bbox 167 1819 1440 1870; baseline -0.002 -11"><span class='ocrx_word' id='word_1_162' title='bbox 167 1822 271 1859; x_wconf 88' lang='lat' dir='ltr'>tione</span> <span class='ocrx_word' id='word_1_163' title='bbox 297 1834 374 1858; x_wconf 88' lang='lat' dir='ltr'>esse</span> <span class='ocrx_word' id='word_1_164' title='bbox 402 1821 502 1858; x_wconf 89' lang='lat' dir='ltr'>inter</span> <span class='ocrx_word' id='word_1_165' title='bbox 526 1820 594 1858; x_wconf 85' lang='lat' dir='ltr'>Jus</span> <span class='ocrx_word' id='word_1_166' title='bbox 620 1822 831 1859; x_wconf 79' lang='lat' dir='ltr'>Romanum</span> <span class='ocrx_word' id='word_1_167' title='bbox 859 1829 895 1857; x_wconf 83' lang='lat' dir='ltr'>et</span> <span class='ocrx_word' id='word_1_168' title='bbox 923 1819 1186 1867; x_wconf 81' lang='lat' dir='ltr'>Hodiernum,</span> <span class='ocrx_word' id='word_1_169' title='bbox 1208 1820 1440 1870; x_wconf 82' lang='lat' dir='ltr'>perpetuitas</span> 
     </span>
     <span class='ocr_line' id='line_1_21' title="bbox 168 1901 1438 1954; baseline -0.002 -14"><span class='ocrx_word' id='word_1_170' title='bbox 168 1916 303 1954; x_wconf 90' lang='lat' dir='ltr'>nempe</span> <span class='ocrx_word' id='word_1_171' title='bbox 350 1902 564 1940; x_wconf 82' lang='lat' dir='ltr'>durationis</span> <span class='ocrx_word' id='word_1_172' title='bbox 609 1901 908 1953; x_wconf 83' lang='lat' dir='ltr'>Emphyteuseos</span> <span class='ocrx_word' id='word_1_173' title='bbox 951 1909 1086 1947; x_wconf 79' lang='lat' dir='ltr'>antea,</span> <span class='ocrx_word' id='word_1_174' title='bbox 1134 1901 1288 1951; x_wconf 83' lang='lat' dir='ltr'>ejusque</span> <span class='ocrx_word' id='word_1_175' title='bbox 1322 1901 1438 1938; x_wconf 85' lang='lat' dir='ltr'>hodie</span> 
     </span>
     <span class='ocr_line' id='line_1_22' title="bbox 167 1981 1438 2035; baseline -0.002 -15"><span class='ocrx_word' id='word_1_176' title='bbox 167 1982 437 2035; x_wconf 82' lang='lat' dir='ltr'>temp01·alitaS.</span> <span class='ocrx_word' id='word_1_177' title='bbox 496 1984 617 2020; x_wconf 86' lang='lat' dir='ltr'>Antea</span> <span class='ocrx_word' id='word_1_178' title='bbox 639 1983 739 2020; x_wconf 85' lang='lat' dir='ltr'>enim</span> <span class='ocrx_word' id='word_1_179' title='bbox 769 1981 941 2020; x_wconf 86' lang='lat' dir='ltr'>accidere</span> <span class='ocrx_word' id='word_1_180' title='bbox 965 1991 1134 2033; x_wconf 82' lang='lat' dir='ltr'>poterat,</span> <span class='ocrx_word' id='word_1_181' title='bbox 1169 1991 1279 2032; x_wconf 87' lang='lat' dir='ltr'>atque</span> <span class='ocrx_word' id='word_1_182' title='bbox 1305 1995 1438 2021; x_wconf 88' lang='lat' dir='ltr'>revera</span> 
     </span>
     <span class='ocr_line' id='line_1_23' title="bbox 168 2063 1439 2114; baseline -0.002 -12"><span class='ocrx_word' id='word_1_183' title='bbox 168 2063 334 2111; x_wconf 77' lang='lat' dir='ltr'>accidit,</span> <span class='ocrx_word' id='word_1_184' title='bbox 369 2063 472 2114; x_wconf 89' lang='lat' dir='ltr'>quod</span> <span class='ocrx_word' id='word_1_185' title='bbox 498 2063 701 2111; x_wconf 85' lang='lat' dir='ltr'>dominus,</span> <span class='ocrx_word' id='word_1_186' title='bbox 741 2063 821 2102; x_wconf 80' lang='lat' dir='ltr'>sive</span> <span class='ocrx_word' id='word_1_187' title='bbox 849 2064 929 2113; x_wconf 86' lang='lat' dir='ltr'>ejus</span> <span class='ocrx_word' id='word_1_188' title='bbox 957 2076 1207 2111; x_wconf 78' lang='lat' dir='ltr'>successores,</span> <span class='ocrx_word' id='word_1_189' title='bbox 1241 2077 1439 2114; x_wconf 86' lang='lat' dir='ltr'>nunquam</span> 
     </span>
     <span class='ocr_line' id='line_1_24' title="bbox 169 2143 1438 2196; baseline -0.001 -14"><span class='ocrx_word' id='word_1_190' title='bbox 169 2144 283 2182; x_wconf 83' lang='lat' dir='ltr'>fundi</span> <span class='ocrx_word' id='word_1_191' title='bbox 316 2144 603 2196; x_wconf 86' lang='lat' dir='ltr'>Emphyteutici</span> <span class='ocrx_word' id='word_1_192' title='bbox 630 2159 738 2182; x_wconf 91' lang='lat' dir='ltr'>usum</span> <span class='ocrx_word' id='word_1_193' title='bbox 758 2152 1051 2194; x_wconf 77' lang='lat' dir='ltr'>recuperarent;</span> <span class='ocrx_word' id='word_1_194' title='bbox 1082 2143 1196 2182; x_wconf 91' lang='lat' dir='ltr'>hodie</span> <span class='ocrx_word' id='word_1_195' title='bbox 1221 2158 1329 2192; x_wconf 84' lang='lat' dir='ltr'>vero,</span> <span class='ocrx_word' id='word_1_196' title='bbox 1355 2152 1438 2196; x_wconf 91' lang='lat' dir='ltr'>post</span> 
     </span>
     <span class='ocr_line' id='line_1_25' title="bbox 168 2223 1446 2275; baseline 0 -13"><span class='ocrx_word' id='word_1_197' title='bbox 168 2225 323 2264; x_wconf 78' lang='lat' dir='ltr'>brevius</span> <span class='ocrx_word' id='word_1_198' title='bbox 360 2234 425 2261; x_wconf 86' lang='lat' dir='ltr'>aut</span> <span class='ocrx_word' id='word_1_199' title='bbox 462 2224 614 2275; x_wconf 85' lang='lat' dir='ltr'>longius</span> <span class='ocrx_word' id='word_1_200' title='bbox 638 2223 798 2274; x_wconf 80' lang='lat' dir='ltr'>aliquod</span> <span class='ocrx_word' id='word_1_201' title='bbox 824 2232 996 2274; x_wconf 86' lang='lat' dir='ltr'>tempus,</span> <span class='ocrx_word' id='word_1_202' title='bbox 1037 2223 1227 2273; x_wconf 83' lang='lat' dir='ltr'>fundum,</span> <span class='ocrx_word' id='word_1_203' title='bbox 1261 2225 1341 2263; x_wconf 87' lang='lat' dir='ltr'>sive</span> <span class='ocrx_word' id='word_1_204' title='bbox 1363 2226 1446 2274; x_wconf 86' lang='lat' dir='ltr'>jus,</span> 
     </span>
    </p>
   </div>
   <div class='ocr_carea' id='block_1_3' title="bbox 169 2303 1344 2357">
    <p class='ocr_par' dir='ltr' id='par_1_3' title="bbox 169 2303 1344 2357">
     <span class='ocr_line' id='line_1_26' title="bbox 169 2303 1344 2357; baseline -0.001 -14"><span class='ocrx_word' id='word_1_205' title='bbox 169 2305 272 2357; x_wconf 86' lang='lat' dir='ltr'>quod</span> <span class='ocrx_word' id='word_1_206' title='bbox 294 2305 549 2357; x_wconf 79' lang='lat' dir='ltr'>Emphyteuta</span> <span class='ocrx_word' id='word_1_207' title='bbox 571 2305 612 2342; x_wconf 92' lang='lat' dir='ltr'>in</span> <span class='ocrx_word' id='word_1_208' title='bbox 637 2304 802 2342; x_wconf 89' lang='lat' dir='ltr'>fundum</span> <span class='ocrx_word' id='word_1_209' title='bbox 821 2303 954 2350; x_wconf 81' lang='lat' dir='ltr'>habet,</span> <span class='ocrx_word' id='word_1_210' title='bbox 983 2304 1150 2356; x_wconf 85' lang='lat' dir='ltr'>recipere</span> <span class='ocrx_word' id='word_1_211' title='bbox 1175 2313 1344 2356; x_wconf 88' lang='lat' dir='ltr'>possunt.</span> 
     </span>
    </p>
   </div>
   <div class='ocr_carea' id='block_1_4' title="bbox 214 2541 1280 2582">
    <p class='ocr_par' dir='ltr' id='par_1_4' title="bbox 214 2541 1280 2582">
     <span class='ocr_line' id='line_1_27' title="bbox 214 2541 1280 2582; baseline 0.001 -10"><span class='ocrx_word' id='word_1_212' title='bbox 214 2542 245 2582; x_wconf 76' lang='lat'>1)</span> <span class='ocrx_word' id='word_1_213' title='bbox 294 2543 341 2573; x_wconf 81' lang='lat' dir='ltr'>Cs.</span> <span class='ocrx_word' id='word_1_214' title='bbox 371 2543 539 2573; x_wconf 86' lang='lat' dir='ltr'>Voorduin</span> <span class='ocrx_word' id='word_1_215' title='bbox 557 2566 564 2580; x_wconf 87' lang='lat'>,</span> <span class='ocrx_word' id='word_1_216' title='bbox 591 2543 679 2573; x_wconf 88' lang='lat' dir='ltr'>Tom.</span> <span class='ocrx_word' id='word_1_217' title='bbox 707 2542 737 2572; x_wconf 89' lang='lat'>3.</span> <span class='ocrx_word' id='word_1_218' title='bbox 765 2544 803 2573; x_wconf 82' lang='lat' dir='ltr'>ad</span> <span class='ocrx_word' id='word_1_219' title='bbox 831 2543 888 2573; x_wconf 85' lang='lat' dir='ltr'>lib.</span> <span class='ocrx_word' id='word_1_220' title='bbox 916 2541 969 2572; x_wconf 88' lang='lat'>11.</span> <span class='ocrx_word' id='word_1_221' title='bbox 994 2543 1054 2573; x_wconf 84' lang='lat' dir='ltr'>Tit.</span> <span class='ocrx_word' id='word_1_222' title='bbox 1079 2541 1280 2574; x_wconf 79' lang='lat' dir='ltr'>111.a.642.</span> 
     </span>
    </p>
   </div>
  </div>
 </body>
</html>
