1711 3047
782 203 863 246 127

654 408 883 460 CAPUT
918 408 994 457 II.

630 567 679 592 DE
710 566 859 593 CALVINI
890 565 1023 590 ANIMO.

232 899 298 943 Ex
322 898 452 942 animi
477 896 668 951 dotibus,
703 911 811 953 quae
835 895 880 937 in
905 895 1021 938 hisce
1048 897 1364 940 commentariis
1382 911 1483 940 eno

174 994 279 1024 vnio
314 978 495 1021 maxime
525 977 669 1036 privae
693 986 812 1029 sunt,
840 975 981 1033 primo
1007 975 1108 1017 loco
1132 991 1180 1018 ea
1206 976 1484 1019 memoranda

174 1067 237 1099 cst
277 1058 434 1108 virtus,
472 1071 578 1112 quae
607 1056 652 1095 in
685 1055 918 1111 interprete
951 1053 1121 1095 Codicis
1152 1054 1195 1096 S.
1231 1056 1480 1112 requiritur,

173 1144 221 1176 ut
258 1131 426 1175 summd
452 1148 555 1190 erga
575 1132 617 1174 S.
642 1130 772 1172 libros
792 1131 976 1172 imbutas
995 1136 1056 1173 sit
1073 1132 1320 1176 rever-eutici.
1369 1134 1484 1176 Hinc

173 1214 264 1269 ejus
294 1211 481 1253 studium
513 1210 784 1252 difficultates
805 1209 996 1252 solvendi
1024 1221 1067 1252 et
1097 1210 1352 1253 Sanctorum
1370 1213 1485 1255 viro-

175 1306 271 1332 rum
302 1289 488 1331 divinam
519 1289 842 1343 auctoritatem,
873 1289 1214 1347 scriptorumque
1244 1289 1374 1332 fidem
1401 1292 1486 1334 his-—

174 1369 358 1411 toricam
388 1367 650 1411 vindicandi.
709 1368 822 1410 Hinc
845 1369 932 1425 ejus
957 1379 1159 1424 conatus,
1187 1385 1295 1426 quae
1326 1369 1484 1413 discre-

174 1448 345 1506 pantiae
375 1448 562 1505 speciem
591 1448 777 1490 habeant
818 1446 1130 1506 componendi,
1167 1449 1342 1506 ejusque
1379 1449 1484 1493 fides

175 1541 275 1568 cum
308 1526 546 1581 miraculis,
584 1537 676 1568 tum
712 1526 802 1568 aliis
835 1527 960 1568 rebus
991 1529 1376 1585 supranaturalibus
1409 1531 1484 1573 ha·

174 1605 297 1658 bita3
345 1603 461 1662 quod
504 1605 660 1647 mirum
701 1604 869 1647 accidat
907 1620 1079 1648 necesse
1121 1618 1184 1649 est
1231 1610 1479 1666 reputanti,

176 1695 401 1725 CALVINUM
431 1682 485 1724 ad
513 1683 852 1742 philosophiam,
888 1700 995 1741 quae
1029 1684 1185 1728 dicitur
1206 1688 1482 1745 speculativa,

175 1763 323 1802 natur&
356 1761 480 1803 fuisse
516 1762 765 1818 proclivem.
830 1762 1054 1806 Praeterea
1093 1765 1363 1808 observamus
1396 1770 1483 1824 ejus

175 1847 267 1880 tum
284 1839 328 1879 in
351 1839 671 1896 interpretando
691 1841 984 1882 assiduitatem
1007 1843 1280 1901 indefessam,
1302 1855 1393 1887 tum
1405 1863 1484 1904 pa-

175 1922 365 1959 tientiam-
383 1917 687 1961 incredibilem.
723 1920 976 1962 Brevissimo
997 1922 1110 1963 enim
1125 1925 1330 1981 temporis
1345 1926 1483 1983 spatio

173 1996 305 2038 hosce
333 1997 663 2038 commentarios
693 1998 894 2052 absolvit,
927 1999 1028 2041 licet
1055 2001 1199 2042 multis
1224 2003 1359 2060 iisque
1389 2021 1482 2063 gra-

173 2075 351 2117 vissimis
376 2076 556 2133 negotiis
583 2086 691 2117 esset
714 2087 958 2134 occupatus.
1019 2078 1121 2120 Dies
1144 2090 1374 2139 noctesque
1397 2094 1482 2126 stu-

173 2151 253 2194 diis
279 2152 489 2211 impendit
514 2153 791 2213 theologicis3
817 2155 1007 2213 alioquin
1031 2157 1100 2199 vix
1125 2158 1478 2218 intelligeremus,

172 2239 261 2272 tam
299 2231 512 2289 exiguum*
533 2233 736 2290 temporis
769 2235 979 2292 spatium,
1022 2240 1339 2281 commentariis
1372 2241 1481 2284 adeo

171 2307 273 2349 fusis
297 2308 632 2368 componendis,
668 2311 860 2354 sufficere
889 2314 1089 2373 potuisse.
1156 2315 1287 2369 Quod
1310 2321 1482 2375 majoris

172 2387 394 2429 aestimare
436 2404 514 2430 nos
548 2401 720 2447 oportet
753 2392 927 2434 eosdem
958 2393 1292 2452 inspicientibus.
1357 2399 1481 2441 Diffi-

174 2464 354 2507 cillimos
379 2467 491 2508 enim
513 2467 680 2510 labores
706 2472 932 2529 superavit.
981 2473 1148 2531 Ubique
1168 2490 1367 2533 magnum
1393 2477 1480 2519 elu-

173 2544 303 2585 cescit
327 2546 635 2603 perspicuitatis
657 2548 856 2593 studium.
921 2549 1069 2604 Quid?
1106 2553 1221 2610 quod
1242 2555 1286 2596 in
1307 2556 1479 2615 singulis

170 2620 301 2675 locis,
331 2623 419 2666 sive
451 2625 706 2684 scriptorum
737 2628 851 2672 dieta
877 2630 1076 2687 illustrat,
1104 2632 1190 2675 sive
1214 2634 1268 2675 ab
1297 2634 1478 2678 aliorum
