1711 3047
776 178 830 218 73

164 320 330 363 „timet”
356 319 432 378 (1).
494 317 622 360 Hisce
659 318 786 378 igitur
819 318 853 358 si
888 313 1118 370 addantur,
1160 328 1267 372 quae
1292 318 1379 372 jam
1413 316 1457 356 in

163 397 512 458 praecedentibus
533 397 707 451 monui,
727 393 894 438 abunde
911 403 1053 452 patet,
1084 409 1328 449 cumn-mm,
1349 394 1460 436 bene

163 477 349 535 linguam
386 475 595 518 Graecam
631 474 844 528 calluisse,
885 482 935 515 ut
974 471 1083 515 adeo
1118 473 1216 514 satis
1251 487 1461 531 superque

162 555 368 598 refutetur
379 555 610 598 multorum
628 562 936 606 commentum,
956 550 1202 605 dicentium,
1217 551 1356 610 prima
1372 561 1463 592 tan-

162 643 253 676 tum
281 634 405 690 hujus
434 633 604 693 linguae
632 631 872 676 rudimenta
903 646 1000 674 eum
1030 630 1194 674 libasse.

755 789 864 854 ξε».

491 952 684 1010 Linguae
711 948 934 993 Hebraeae
965 953 1129 993 notitia.

220 1107 269 1149 In
291 1106 597 1165 superioribus,
621 1121 674 1149 ex
695 1119 872 1148 omnm
893 1105 1116 1163 opinione,
1142 1103 1352 1163 linguam,
1383 1118 1466 1163 qua

161 1184 216 1229 N.
237 1185 286 1228 T.
306 1185 406 1228 libri
424 1196 522 1227 sunt
553 1185 806 1244 conscripti,
837 1182 1264 1226 Hebraeo-Graecam
1290 1200 1378 1227 esse
1404 1185 1467 1227 vi-

164 1262 322 1319 dimus,
356 1262 470 1306 unde
505 1263 725 1306 Hebraeae
755 1263 883 1305 etiam
913 1262 1079 1321 linguae
1109 1263 1299 1321 cognitio
1326 1263 1372 1305 in
1402 1262 1466 1305 in-

162 1350 350 1399 terprete
372 1342 615 1399 requiritur.
678 1341 745 1383 De
764 1341 845 1383 hac
869 1355 986 1382 nunc
1009 1338 1219 1399 agendum
1240 1340 1366 1382 nobis
1389 1349 1465 1383 est.

162 1418 352 1462 Fuerunt
372 1419 566 1478 quidem,
586 1419 657 1478 qui
679 1418 802 1463 valde
829 1419 1022 1478 exiguam
1041 1433 1228 1462 cALvmo
1255 1417 1466 1462 adscribe·

163 1508 260 1541 rent
277 1499 444 1557 linguae
456 1498 679 1540 Hebraeae
701 1498 897 1540 notitiam
918 1495 1003 1555 (2),
1034 1512 1115 1539 nec
1134 1496 1321 1539 diffiteor
1334 1528 1347 1552 ‚
1380 1511 1466 1539 me-

161 1575 240 1619 lius
259 1575 461 1635 disputari
479 1575 532 1618 de
552 1576 685 1619 hacce
705 1575 950 1634 quaestione
971 1590 1123 1634 posse,
1156 1576 1191 1618 si
1209 1591 1340 1619 unum
1362 1575 1466 1619 alte-

163 1670 310 1698 rumve
341 1671 392 1697 ex
426 1657 515 1712 ejus
547 1655 863 1698 commentariis
892 1655 936 1696 in
965 1654 1097 1697 libros
1126 1653 1183 1699 V.
1215 1654 1266 1699 T.
1299 1654 1466 1698 evolva-

162 1748 275 1788 mus,
309 1732 671 1791 quandoquidem,
707 1749 794 1791 quo
825 1735 963 1791 major
998 1743 1061 1776 est
1095 1734 1468 1793 contemplationis

163 1826 360 1869 campus,
400 1812 532 1871 magis
562 1822 708 1854 exacte
731 1811 892 1854 institui
924 1821 1066 1870 potest
1095 1811 1355 1870 disquisiti03
1390 1812 1467 1857 sed

160 1904 239 1932 nos
275 1904 492 1933 versamur
529 1891 575 1934 in
613 1890 734 1933 libris
766 1890 821 1933 N.
860 1889 911 1934 T.
952 1891 1180 1934 historicis.
1261 1891 1468 1935 Probavit

160 1968 290 2026 igitur
330 1984 448 2011 suam
489 1969 657 2028 linguae
705 1969 930 2012 Hebraeae
970 1970 1194 2024 notitiam,
1236 1982 1354 2014 recte
1394 1986 1466 2014 ex-

160 2045 361 2105 ponenda
399 2048 621 2089 nominum
658 2047 934 2105 propriorum
974 2048 1032 2090 vi.
1090 2047 1268 2091 MATTH.
1306 2049 1349 2103 1,
1393 2063 1466 2092 21.

160 2124 343 2175 καλέσεις
379 2128 426 2169 τὸ
457 2128 587 2181 ὄνομα
628 2126 753 2169 ἄντοῦ
793 2125 969 2182 Ἰησοῦν.
1019 2124 1272 2169 »Derivatur
1307 2142 1468 2170 nomen

162 2203 347 2261 »Ἰησοῦν
373 2205 426 2247 ab
453 2204 670 2247 Hebraico
701 2205 834 2247 verbo
860 2202 1014 2261 pum-1
1041 2204 1086 2245 in
1109 2203 1246 2263 hiphil
1269 2220 1466 2260 servare,

160 2297 211 2325 »a
234 2282 379 2326 radice
407 2282 539 2339 wa
567 2282 655 2342 (3>;
692 2283 755 2339 X,
790 2282 862 2328 25.
891 2283 1159 2342 Βεελζεβούλ.
1192 2282 1349 2326 »debet
1379 2298 1468 2327 esse

200 2447 253 2490 (l)
277 2448 474 2480 Cf.'W11um
503 2447 728 2481 Grammatik
751 2448 785 2480 S.
811 2446 879 2481 437
901 2447 972 2480 und
994 2446 1078 2484 438.

213 2505 251 2548 2)
275 2504 373 2537 Multi
403 2504 507 2547 hujus
539 2505 708 2548 opinionis
734 2505 870 2547 patroni
896 2504 1077 2537 laudantur
1103 2515 1121 2537 a
1150 2517 1180 2536 ι’.
1209 2514 1320 2536 mutu
1349 2503 1384 2537 in
1410 2504 1476 2538 dae

283 2560 399 2592 Leben
426 2561 571 2593 Calvina
595 2561 657 2594 Th.
684 2562 724 2601 1,
751 2560 905 2603 Boqlaqe
929 2561 962 2592 S.
990 2561 1112 2594 16-26.

199 2617 253 2661 (3)
277 2618 337 2650 Cff.
368 2629 543 2659 onorius,
572 2628 748 2658 xumon,
777 2628 964 2650 ntrzscun
990 2620 1024 2650 et
1051 2626 1246 2649 otsiuusu
1272 2617 1312 2649 ad
1336 2617 1372 2651 h.
1399 2616 1424 2650 Ι.
