<?xml version="1.0" encoding="UTF-8"?>
<!DOCTYPE html PUBLIC "-//W3C//DTD XHTML 1.0 Transitional//EN"
    "http://www.w3.org/TR/xhtml1/DTD/xhtml1-transitional.dtd">
<html xmlns="http://www.w3.org/1999/xhtml" xml:lang="en" lang="en">
 <head>
  <title>
</title>
<meta http-equiv="Content-Type" content="text/html;charset=utf-8" />
  <meta name='ocr-system' content='tesseract 3.04.00' />
  <meta name='ocr-capabilities' content='ocr_page ocr_carea ocr_par ocr_line ocrx_word'/>
</head>
<body>
  <div class='ocr_page' id='page_1' title='image "./disquisitiodecal00esch_0127.png"; bbox 0 0 1711 3047; ppageno 0'>
   <div class='ocr_carea' id='block_1_1' title="bbox 792 176 864 216">
    <p class='ocr_par' dir='ltr' id='par_1_1' title="bbox 792 176 864 216">
     <span class='ocr_line' id='line_1_1' title="bbox 792 176 864 216; baseline 0 0"><span class='ocrx_word' id='word_1_1' title='bbox 792 176 864 216; x_wconf 89' lang='lat' dir='ltr'>lll</span> 
     </span>
    </p>
   </div>
   <div class='ocr_carea' id='block_1_2' title="bbox 166 315 1488 2105">
    <p class='ocr_par' dir='ltr' id='par_1_2' title="bbox 166 315 1488 2105">
     <span class='ocr_line' id='line_1_2' title="bbox 169 315 1473 372; baseline -0.008 -7"><span class='ocrx_word' id='word_1_2' title='bbox 169 338 259 365; x_wconf 81' lang='lat' dir='ltr'>sum</span> <span class='ocrx_word' id='word_1_3' title='bbox 302 335 390 363; x_wconf 81' lang='lat' dir='ltr'>esse</span> <span class='ocrx_word' id='word_1_4' title='bbox 427 335 451 360; x_wconf 83' lang='lat' dir='ltr'>a</span> <span class='ocrx_word' id='word_1_5' title='bbox 492 334 576 360; x_wconf 71' lang='lat' dir='ltr'>nno</span> <span class='ocrx_word' id='word_1_6' title='bbox 618 318 890 360; x_wconf 80' lang='lat' dir='ltr'><strong>liberatorem</strong></span> <span class='ocrx_word' id='word_1_7' title='bbox 932 330 1054 357; x_wconf 76' lang='lat' dir='ltr'>JoAN.</span> <span class='ocrx_word' id='word_1_8' title='bbox 1095 315 1155 368; x_wconf 77' lang='lat' dir='ltr'>X,</span> <span class='ocrx_word' id='word_1_9' title='bbox 1194 318 1270 366; x_wconf 74' lang='lat'>24:</span> <span class='ocrx_word' id='word_1_10' title='bbox 1321 330 1473 372; x_wconf 73' lang='lat' dir='ltr'>nempe</span> 
     </span>
     <span class='ocr_line' id='line_1_3' title="bbox 169 393 1475 457; baseline -0.007 -14"><span class='ocrx_word' id='word_1_11' title='bbox 169 404 280 445; x_wconf 82' lang='lat' dir='ltr'>hanc</span> <span class='ocrx_word' id='word_1_12' title='bbox 307 414 458 442; x_wconf 86' lang='lat' dir='ltr'>vocem</span> <span class='ocrx_word' id='word_1_13' title='bbox 492 398 680 457; x_wconf 84' lang='lat' dir='ltr'>captiose</span> <span class='ocrx_word' id='word_1_14' title='bbox 712 406 756 438; x_wconf 88' lang='lat' dir='ltr'>et</span> <span class='ocrx_word' id='word_1_15' title='bbox 782 410 860 454; x_wconf 90' lang='lat' dir='ltr'>per</span> <span class='ocrx_word' id='word_1_16' title='bbox 889 393 1059 435; x_wconf 85' lang='lat' dir='ltr'>insidias</span> <span class='ocrx_word' id='word_1_17' title='bbox 1087 394 1132 435; x_wconf 89' lang='lat' dir='ltr'>in</span> <span class='ocrx_word' id='word_1_18' title='bbox 1166 395 1290 435; x_wconf 86' lang='lat' dir='ltr'>turba</span> <span class='ocrx_word' id='word_1_19' title='bbox 1322 393 1475 435; x_wconf 63' lang='lat' dir='ltr'>elicere</span> 
     </span>
     <span class='ocr_line' id='line_1_4' title="bbox 169 472 1476 536; baseline -0.008 -13"><span class='ocrx_word' id='word_1_20' title='bbox 169 480 399 533; x_wconf 88' lang='lat' dir='ltr'>volebant,</span> <span class='ocrx_word' id='word_1_21' title='bbox 444 489 491 520; x_wconf 92' lang='lat' dir='ltr'>ut</span> <span class='ocrx_word' id='word_1_22' title='bbox 530 493 606 536; x_wconf 89' lang='lat' dir='ltr'>per</span> <span class='ocrx_word' id='word_1_23' title='bbox 632 475 860 518; x_wconf 87' lang='lat' dir='ltr'>tumultum</span> <span class='ocrx_word' id='word_1_24' title='bbox 897 488 920 515; x_wconf 92' lang='lat' dir='ltr'>e</span> <span class='ocrx_word' id='word_1_25' title='bbox 958 472 1102 515; x_wconf 86' lang='lat' dir='ltr'>medio</span> <span class='ocrx_word' id='word_1_26' title='bbox 1132 472 1371 527; x_wconf 89' lang='lat' dir='ltr'>tolleretur,</span> <span class='ocrx_word' id='word_1_27' title='bbox 1412 474 1476 514; x_wconf 79' lang='lat' dir='ltr'>vel</span> 
     </span>
     <span class='ocr_line' id='line_1_5' title="bbox 166 551 1474 609; baseline -0.006 -9"><span class='ocrx_word' id='word_1_28' title='bbox 166 558 348 602; x_wconf 88' lang='lat' dir='ltr'>Romani</span> <span class='ocrx_word' id='word_1_29' title='bbox 378 559 420 599; x_wconf 88' lang='lat' dir='ltr'>in</span> <span class='ocrx_word' id='word_1_30' title='bbox 454 573 550 599; x_wconf 89' lang='lat' dir='ltr'>eum</span> <span class='ocrx_word' id='word_1_31' title='bbox 573 570 718 598; x_wconf 82' lang='lat' dir='ltr'>manus</span> <span class='ocrx_word' id='word_1_32' title='bbox 748 553 978 609; x_wconf 86' lang='lat' dir='ltr'>injicerent</span> <span class='ocrx_word' id='word_1_33' title='bbox 997 551 1077 609; x_wconf 90' lang='lat'>(1).</span> <span class='ocrx_word' id='word_1_34' title='bbox 1141 552 1292 593; x_wconf 82' lang='lat' dir='ltr'>Monet</span> <span class='ocrx_word' id='word_1_35' title='bbox 1317 567 1447 609; x_wconf 87' lang='lat' dir='ltr'>porro</span> <span class='ocrx_word' id='word_1_36' title='bbox 1464 583 1474 600; x_wconf 89' lang='lat'><strong>‚</strong></span> 
     </span>
     <span class='ocr_line' id='line_1_6' title="bbox 169 629 1478 696; baseline -0.006 -17"><span class='ocrx_word' id='word_1_37' title='bbox 169 637 271 696; x_wconf 82' lang='lat' dir='ltr'>quid</span> <span class='ocrx_word' id='word_1_38' title='bbox 307 638 406 680; x_wconf 86' lang='lat' dir='ltr'>Act.</span> <span class='ocrx_word' id='word_1_39' title='bbox 441 637 549 690; x_wconf 88' lang='lat' dir='ltr'>XII,</span> <span class='ocrx_word' id='word_1_40' title='bbox 590 651 627 678; x_wconf 93' lang='lat'>1.</span> <span class='ocrx_word' id='word_1_41' title='bbox 663 632 880 691; x_wconf 88' lang='lat' dir='ltr'>impulerit</span> <span class='ocrx_word' id='word_1_42' title='bbox 921 646 1130 673; x_wconf 75' lang='lat' dir='ltr'><strong>HERODEM</strong></span> <span class='ocrx_word' id='word_1_43' title='bbox 1165 630 1216 671; x_wconf 84' lang='lat' dir='ltr'>ad</span> <span class='ocrx_word' id='word_1_44' title='bbox 1247 629 1478 672; x_wconf 84' lang='lat' dir='ltr'>vexandam</span> 
     </span>
     <span class='ocr_line' id='line_1_7' title="bbox 166 708 1479 769; baseline -0.006 -11"><span class='ocrx_word' id='word_1_45' title='bbox 166 717 422 769; x_wconf 80' lang='lat' dir='ltr'>Ecclesiam3</span> <span class='ocrx_word' id='word_1_46' title='bbox 459 714 549 756; x_wconf 91' lang='lat' dir='ltr'>scil.</span> <span class='ocrx_word' id='word_1_47' title='bbox 583 728 672 755; x_wconf 88' lang='lat' dir='ltr'>non</span> <span class='ocrx_word' id='word_1_48' title='bbox 713 722 800 753; x_wconf 86' lang='lat' dir='ltr'>tam</span> <span class='ocrx_word' id='word_1_49' title='bbox 832 710 1049 769; x_wconf 84' lang='lat' dir='ltr'>religionis</span> <span class='ocrx_word' id='word_1_50' title='bbox 1093 708 1234 752; x_wconf 88' lang='lat' dir='ltr'>studio</span> <span class='ocrx_word' id='word_1_51' title='bbox 1277 724 1479 751; x_wconf 83' lang='lat' dir='ltr'>accensus</span> 
     </span>
     <span class='ocr_line' id='line_1_8' title="bbox 168 790 1481 852; baseline -0.005 -16"><span class='ocrx_word' id='word_1_52' title='bbox 168 795 271 848; x_wconf 86' lang='lat' dir='ltr'>fuit,</span> <span class='ocrx_word' id='word_1_53' title='bbox 312 809 439 852; x_wconf 86' lang='lat' dir='ltr'>quam</span> <span class='ocrx_word' id='word_1_54' title='bbox 467 804 516 835; x_wconf 90' lang='lat' dir='ltr'>ut</span> <span class='ocrx_word' id='word_1_55' title='bbox 547 791 744 835; x_wconf 80' lang='lat' dir='ltr'><strong>deliniret</strong></span> <span class='ocrx_word' id='word_1_56' title='bbox 771 791 855 832; x_wconf 90' lang='lat' dir='ltr'>hoc</span> <span class='ocrx_word' id='word_1_57' title='bbox 878 805 1053 832; x_wconf 88' lang='lat' dir='ltr'>munere</span> <span class='ocrx_word' id='word_1_58' title='bbox 1084 790 1277 848; x_wconf 87' lang='lat' dir='ltr'><strong>plebem,</strong></span> <span class='ocrx_word' id='word_1_59' title='bbox 1309 790 1388 830; x_wconf 92' lang='lat' dir='ltr'>sibi</span> <span class='ocrx_word' id='word_1_60' title='bbox 1412 805 1481 847; x_wconf 84' lang='lat' dir='ltr'>pa·</span> 
     </span>
     <span class='ocr_line' id='line_1_9' title="bbox 167 867 1481 930; baseline -0.005 -15"><span class='ocrx_word' id='word_1_61' title='bbox 167 889 263 915; x_wconf 89' lang='lat' dir='ltr'>rum</span> <span class='ocrx_word' id='word_1_62' title='bbox 287 873 446 930; x_wconf 82' lang='lat' dir='ltr'>alioqui</span> <span class='ocrx_word' id='word_1_63' title='bbox 473 872 704 930; x_wconf 87' lang='lat' dir='ltr'>propitiam</span> <span class='ocrx_word' id='word_1_64' title='bbox 728 869 809 928; x_wconf 82' lang='lat'>(2)</span> <span class='ocrx_word' id='word_1_65' title='bbox 877 869 993 911; x_wconf 87' lang='lat' dir='ltr'>Alibi</span> <span class='ocrx_word' id='word_1_66' title='bbox 1022 868 1174 923; x_wconf 88' lang='lat' dir='ltr'>docet,</span> <span class='ocrx_word' id='word_1_67' title='bbox 1198 884 1418 911; x_wconf 70' lang='lat' dir='ltr'>cnmsrmu</span> <span class='ocrx_word' id='word_1_68' title='bbox 1437 867 1481 909; x_wconf 86' lang='lat' dir='ltr'>id</span> 
     </span>
     <span class='ocr_line' id='line_1_10' title="bbox 168 947 1481 1009; baseline -0.005 -15"><span class='ocrx_word' id='word_1_69' title='bbox 168 951 370 1006; x_wconf 86' lang='lat' dir='ltr'>voluisse,</span> <span class='ocrx_word' id='word_1_70' title='bbox 399 961 445 992; x_wconf 93' lang='lat' dir='ltr'>ut</span> <span class='ocrx_word' id='word_1_71' title='bbox 477 961 629 1009; x_wconf 85' lang='lat' dir='ltr'>sponte</span> <span class='ocrx_word' id='word_1_72' title='bbox 652 949 696 991; x_wconf 89' lang='lat' dir='ltr'>in</span> <span class='ocrx_word' id='word_1_73' title='bbox 715 947 904 990; x_wconf 87' lang='lat' dir='ltr'>medium</span> <span class='ocrx_word' id='word_1_74' title='bbox 923 947 1117 1005; x_wconf 86' lang='lat' dir='ltr'>prodiret</span> <span class='ocrx_word' id='word_1_75' title='bbox 1147 947 1324 1001; x_wconf 86' lang='lat' dir='ltr'>mulier,</span> <span class='ocrx_word' id='word_1_76' title='bbox 1349 947 1481 988; x_wconf 87' lang='lat' dir='ltr'>inter-</span> 
     </span>
     <span class='ocr_line' id='line_1_11' title="bbox 168 1026 1482 1088; baseline -0.005 -17"><span class='ocrx_word' id='word_1_77' title='bbox 168 1045 342 1088; x_wconf 85' lang='lat' dir='ltr'>rogans,</span> <span class='ocrx_word' id='word_1_78' title='bbox 366 1044 500 1072; x_wconf 68' lang='lat' dir='ltr'><strong>MARc.</strong></span> <span class='ocrx_word' id='word_1_79' title='bbox 519 1028 578 1081; x_wconf 87' lang='lat' dir='ltr'>V,</span> <span class='ocrx_word' id='word_1_80' title='bbox 598 1028 667 1082; x_wconf 82' lang='lat'>30,</span> <span class='ocrx_word' id='word_1_81' title='bbox 692 1029 754 1077; x_wconf 80' lang='grc' dir='ltr'>τίς</span> <span class='ocrx_word' id='word_1_82' title='bbox 771 1045 850 1081; x_wconf 84' lang='grc' dir='ltr'>μου</span> <span class='ocrx_word' id='word_1_83' title='bbox 866 1030 1003 1082; x_wconf 67' lang='grc' dir='ltr'><em>ἥψατο</em></span> <span class='ocrx_word' id='word_1_84' title='bbox 1023 1031 1107 1070; x_wconf 77' lang='grc' dir='ltr'>τῶν</span> <span class='ocrx_word' id='word_1_85' title='bbox 1126 1026 1324 1080; x_wconf 56' lang='lat' dir='ltr'>spatium,-</span> <span class='ocrx_word' id='word_1_86' title='bbox 1358 1039 1482 1065; x_wconf 88' lang='lat' dir='ltr'>«nam</span> 
     </span>
     <span class='ocr_line' id='line_1_12' title="bbox 168 1104 1484 1161; baseline -0.002 -14"><span class='ocrx_word' id='word_1_87' title='bbox 168 1106 367 1147; x_wconf 86' lang='lat' dir='ltr'>»minime</span> <span class='ocrx_word' id='word_1_88' title='bbox 392 1105 570 1147; x_wconf 88' lang='lat' dir='ltr'>dubium</span> <span class='ocrx_word' id='word_1_89' title='bbox 593 1115 677 1158; x_wconf 89' lang='lat' dir='ltr'>est,</span> <span class='ocrx_word' id='word_1_90' title='bbox 707 1106 808 1161; x_wconf 90' lang='lat' dir='ltr'>quin</span> <span class='ocrx_word' id='word_1_91' title='bbox 840 1105 975 1146; x_wconf 87' lang='lat' dir='ltr'>sciens</span> <span class='ocrx_word' id='word_1_92' title='bbox 1005 1120 1055 1146; x_wconf 88' lang='lat' dir='ltr'>ac</span> <span class='ocrx_word' id='word_1_93' title='bbox 1086 1104 1234 1146; x_wconf 89' lang='lat' dir='ltr'>volens</span> <span class='ocrx_word' id='word_1_94' title='bbox 1262 1104 1484 1146; x_wconf 89' lang='lat' dir='ltr'>mulierem</span> 
     </span>
     <span class='ocr_line' id='line_1_13' title="bbox 169 1183 1484 1242; baseline -0.002 -15"><span class='ocrx_word' id='word_1_95' title='bbox 169 1184 423 1227; x_wconf 75' lang='lat' dir='ltr'>»sanaverit’&#39;</span> <span class='ocrx_word' id='word_1_96' title='bbox 454 1183 544 1242; x_wconf 79' lang='lat'>(3);</span> <span class='ocrx_word' id='word_1_97' title='bbox 583 1194 626 1225; x_wconf 88' lang='lat' dir='ltr'>et</span> <span class='ocrx_word' id='word_1_98' title='bbox 658 1195 889 1241; x_wconf 86' lang='lat' dir='ltr'>propterea</span> <span class='ocrx_word' id='word_1_99' title='bbox 919 1183 1032 1225; x_wconf 86' lang='lat' dir='ltr'>forte</span> <span class='ocrx_word' id='word_1_100' title='bbox 1057 1199 1276 1225; x_wconf 70' lang='lat' dir='ltr'>cmusrmu</span> <span class='ocrx_word' id='word_1_101' title='bbox 1303 1183 1484 1224; x_wconf 84' lang='lat' dir='ltr'>noluisse</span> 
     </span>
     <span class='ocr_line' id='line_1_14' title="bbox 167 1260 1483 1316; baseline -0.002 -11"><span class='ocrx_word' id='word_1_102' title='bbox 167 1263 389 1305; x_wconf 87' lang='lat' dir='ltr'>hominem</span> <span class='ocrx_word' id='word_1_103' title='bbox 407 1272 599 1304; x_wconf 86' lang='lat' dir='ltr'>sanatum</span> <span class='ocrx_word' id='word_1_104' title='bbox 621 1262 702 1303; x_wconf 88' lang='lat' dir='ltr'>sibi</span> <span class='ocrx_word' id='word_1_105' title='bbox 723 1263 883 1304; x_wconf 83' lang='lat' dir='ltr'>habere</span> <span class='ocrx_word' id='word_1_106' title='bbox 912 1262 1114 1304; x_wconf 85' lang='lat' dir='ltr'>comitem</span> <span class='ocrx_word' id='word_1_107' title='bbox 1146 1278 1245 1304; x_wconf 74' lang='lat' dir='ltr'>Luc.</span> <span class='ocrx_word' id='word_1_108' title='bbox 1266 1261 1390 1316; x_wconf 89' lang='lat' dir='ltr'>VIII,</span> <span class='ocrx_word' id='word_1_109' title='bbox 1414 1260 1483 1304; x_wconf 82' lang='lat'>38.</span> 
     </span>
     <span class='ocr_line' id='line_1_15' title="bbox 175 1338 1485 1399; baseline -0.002 -17"><span class='ocrx_word' id='word_1_110' title='bbox 175 1343 273 1399; x_wconf 89' lang='lat' dir='ltr'>quia</span> <span class='ocrx_word' id='word_1_111' title='bbox 297 1341 540 1383; x_wconf 86' lang='lat' dir='ltr'>uberiorem</span> <span class='ocrx_word' id='word_1_112' title='bbox 565 1341 752 1382; x_wconf 89' lang='lat' dir='ltr'>fructum</span> <span class='ocrx_word' id='word_1_113' title='bbox 783 1340 882 1382; x_wconf 86' lang='lat' dir='ltr'>inde</span> <span class='ocrx_word' id='word_1_114' title='bbox 919 1342 1139 1398; x_wconf 84' lang='lat' dir='ltr'>sperabat,</span> <span class='ocrx_word' id='word_1_115' title='bbox 1176 1341 1207 1381; x_wconf 86' lang='lat' dir='ltr'>si</span> <span class='ocrx_word' id='word_1_116' title='bbox 1239 1338 1352 1398; x_wconf 87' lang='lat' dir='ltr'>apud</span> <span class='ocrx_word' id='word_1_117' title='bbox 1386 1354 1485 1397; x_wconf 87' lang='lat' dir='ltr'>gen-</span> 
     </span>
     <span class='ocr_line' id='line_1_16' title="bbox 171 1417 1485 1476; baseline -0.003 -14"><span class='ocrx_word' id='word_1_118' title='bbox 171 1420 267 1463; x_wconf 85' lang='lat' dir='ltr'>tiles</span> <span class='ocrx_word' id='word_1_119' title='bbox 300 1434 417 1474; x_wconf 88' lang='lat' dir='ltr'>suos,</span> <span class='ocrx_word' id='word_1_120' title='bbox 451 1430 541 1461; x_wconf 84' lang='lat' dir='ltr'>tam</span> <span class='ocrx_word' id='word_1_121' title='bbox 569 1418 777 1476; x_wconf 85' lang='lat' dir='ltr'>praeclari</span> <span class='ocrx_word' id='word_1_122' title='bbox 804 1433 853 1460; x_wconf 86' lang='lat' dir='ltr'>ac</span> <span class='ocrx_word' id='word_1_123' title='bbox 888 1418 1107 1476; x_wconf 85' lang='lat' dir='ltr'>singularis</span> <span class='ocrx_word' id='word_1_124' title='bbox 1139 1417 1338 1460; x_wconf 86' lang='lat' dir='ltr'>beneficii</span> <span class='ocrx_word' id='word_1_125' title='bbox 1370 1418 1485 1459; x_wconf 81' lang='lat' dir='ltr'>testis</span> 
     </span>
     <span class='ocr_line' id='line_1_17' title="bbox 174 1496 1483 1556; baseline -0.003 -15"><span class='ocrx_word' id='word_1_126' title='bbox 174 1509 309 1553; x_wconf 83' lang='lat' dir='ltr'>esset,</span> <span class='ocrx_word' id='word_1_127' title='bbox 355 1497 399 1539; x_wconf 87' lang='lat' dir='ltr'>id</span> <span class='ocrx_word' id='word_1_128' title='bbox 437 1497 553 1556; x_wconf 87' lang='lat' dir='ltr'>quod</span> <span class='ocrx_word' id='word_1_129' title='bbox 604 1512 774 1539; x_wconf 81' lang='lat' dir='ltr'>MARCUS</span> <span class='ocrx_word' id='word_1_130' title='bbox 814 1507 857 1540; x_wconf 91' lang='lat' dir='ltr'>et</span> <span class='ocrx_word' id='word_1_131' title='bbox 901 1512 1033 1539; x_wconf 77' lang='lat' dir='ltr'>LucAs</span> <span class='ocrx_word' id='word_1_132' title='bbox 1075 1507 1281 1538; x_wconf 81' lang='lat' dir='ltr'>testantur</span> <span class='ocrx_word' id='word_1_133' title='bbox 1323 1496 1483 1538; x_wconf 79' lang='lat' dir='ltr'>factum</span> 
     </span>
     <span class='ocr_line' id='line_1_18' title="bbox 171 1575 1488 1635; baseline -0.003 -15"><span class='ocrx_word' id='word_1_134' title='bbox 171 1593 260 1621; x_wconf 88' lang='lat' dir='ltr'>esse</span> <span class='ocrx_word' id='word_1_135' title='bbox 290 1577 366 1635; x_wconf 76' lang='grc'>(4).</span> <span class='ocrx_word' id='word_1_136' title='bbox 434 1578 568 1619; x_wconf 84' lang='lat' dir='ltr'>Recte</span> <span class='ocrx_word' id='word_1_137' title='bbox 612 1575 803 1630; x_wconf 86' lang='lat' dir='ltr'>indicat,</span> <span class='ocrx_word' id='word_1_138' title='bbox 844 1575 1063 1633; x_wconf 90' lang='lat' dir='ltr'>quomodo</span> <span class='ocrx_word' id='word_1_139' title='bbox 1099 1587 1271 1617; x_wconf 86' lang='lat' dir='ltr'>sanctae</span> <span class='ocrx_word' id='word_1_140' title='bbox 1302 1575 1488 1634; x_wconf 79' lang='lat' dir='ltr'>Virginis</span> 
     </span>
     <span class='ocr_line' id='line_1_19' title="bbox 175 1653 1486 1713; baseline -0.002 -16"><span class='ocrx_word' id='word_1_141' title='bbox 175 1657 340 1698; x_wconf 88' lang='lat' dir='ltr'>animus</span> <span class='ocrx_word' id='word_1_142' title='bbox 359 1654 411 1696; x_wconf 87' lang='lat' dir='ltr'>ad</span> <span class='ocrx_word' id='word_1_143' title='bbox 431 1655 571 1697; x_wconf 82' lang='lat' dir='ltr'>futura</span> <span class='ocrx_word' id='word_1_144' title='bbox 586 1670 684 1697; x_wconf 84' lang='lat' dir='ltr'><strong>JESU</strong></span> <span class='ocrx_word' id='word_1_145' title='bbox 703 1655 789 1697; x_wconf 84' lang='lat' dir='ltr'>fata</span> <span class='ocrx_word' id='word_1_146' title='bbox 806 1655 860 1696; x_wconf 89' lang='lat' dir='ltr'>sit</span> <span class='ocrx_word' id='word_1_147' title='bbox 888 1666 1184 1713; x_wconf 85' lang='lat' dir='ltr'>praeparatus:</span> <span class='ocrx_word' id='word_1_148' title='bbox 1221 1670 1317 1698; x_wconf 78' lang='lat' dir='ltr'>Luc.</span> <span class='ocrx_word' id='word_1_149' title='bbox 1337 1655 1398 1709; x_wconf 91' lang='lat' dir='ltr'>II,</span> <span class='ocrx_word' id='word_1_150' title='bbox 1416 1653 1486 1706; x_wconf 75' lang='grc'>34.</span> 
     </span>
     <span class='ocr_line' id='line_1_20' title="bbox 178 1727 1486 1787; baseline -0.002 -9"><span class='ocrx_word' id='word_1_151' title='bbox 178 1727 293 1784; x_wconf 65' lang='grc' dir='ltr'><em>οὗτος</em></span> <span class='ocrx_word' id='word_1_152' title='bbox 330 1739 460 1778; x_wconf 74' lang='grc' dir='ltr'><em>κεῖται</em></span> <span class='ocrx_word' id='word_1_153' title='bbox 496 1737 551 1784; x_wconf 73' lang='grc' dir='ltr'>εἷς</span> <span class='ocrx_word' id='word_1_154' title='bbox 588 1737 745 1778; x_wconf 83' lang='grc' dir='ltr'><em>πτῶσιν</em></span> <span class='ocrx_word' id='word_1_155' title='bbox 782 1735 852 1776; x_wconf 78' lang='grc' dir='ltr'>καὶ</span> <span class='ocrx_word' id='word_1_156' title='bbox 889 1735 1112 1778; x_wconf 74' lang='grc' dir='ltr'><em>α’νάστασιν</em></span> <span class='ocrx_word' id='word_1_157' title='bbox 1144 1734 1310 1777; x_wconf 79' lang='grc' dir='ltr'><em>πολλῶν</em></span> <span class='ocrx_word' id='word_1_158' title='bbox 1349 1736 1394 1777; x_wconf 75' lang='grc' dir='ltr'>ἐν</span> <span class='ocrx_word' id='word_1_159' title='bbox 1429 1739 1486 1787; x_wconf 77' lang='grc' dir='ltr'>τῷ</span> 
     </span>
     <span class='ocr_line' id='line_1_21' title="bbox 179 1810 1484 1871; baseline 0 -17"><span class='ocrx_word' id='word_1_160' title='bbox 179 1813 358 1868; x_wconf 85' lang='grc' dir='ltr'><strong><em>Ἰσραὴλ.</em></strong></span> <span class='ocrx_word' id='word_1_161' title='bbox 394 1813 499 1853; x_wconf 79' lang='lat' dir='ltr'>»hac</span> <span class='ocrx_word' id='word_1_162' title='bbox 533 1810 825 1853; x_wconf 85' lang='lat' dir='ltr'>admonitione</span> <span class='ocrx_word' id='word_1_163' title='bbox 855 1827 959 1869; x_wconf 86' lang='lat' dir='ltr'>opus</span> <span class='ocrx_word' id='word_1_164' title='bbox 989 1813 1139 1853; x_wconf 82' lang='lat' dir='ltr'>habuit</span> <span class='ocrx_word' id='word_1_165' title='bbox 1167 1822 1312 1854; x_wconf 86' lang='lat' dir='ltr'>sancta</span> <span class='ocrx_word' id='word_1_166' title='bbox 1339 1813 1484 1871; x_wconf 83' lang='lat' dir='ltr'>virgo,</span> 
     </span>
     <span class='ocr_line' id='line_1_22' title="bbox 177 1889 1488 1945; baseline 0.001 -13"><span class='ocrx_word' id='word_1_167' title='bbox 177 1906 255 1932; x_wconf 89' lang='lat' dir='ltr'>»ne</span> <span class='ocrx_word' id='word_1_168' title='bbox 279 1890 398 1932; x_wconf 81' lang='lat' dir='ltr'>laetis</span> <span class='ocrx_word' id='word_1_169' title='bbox 419 1890 547 1932; x_wconf 89' lang='lat' dir='ltr'>initiis</span> <span class='ocrx_word' id='word_1_170' title='bbox 568 1890 795 1945; x_wconf 83' lang='lat' dir='ltr'>exsultans,</span> <span class='ocrx_word' id='word_1_171' title='bbox 813 1889 867 1931; x_wconf 89' lang='lat' dir='ltr'>ad</span> <span class='ocrx_word' id='word_1_172' title='bbox 883 1890 1148 1932; x_wconf 86' lang='lat' dir='ltr'>sustinendos</span> <span class='ocrx_word' id='word_1_173' title='bbox 1163 1892 1300 1933; x_wconf 86' lang='lat' dir='ltr'>tristes</span> <span class='ocrx_word' id='word_1_174' title='bbox 1315 1902 1488 1933; x_wconf 84' lang='lat' dir='ltr'>eventus</span> 
     </span>
     <span class='ocr_line' id='line_1_23' title="bbox 178 1967 1488 2028; baseline 0.003 -20"><span class='ocrx_word' id='word_1_175' title='bbox 178 1969 340 2010; x_wconf 86' lang='lat' dir='ltr'>»minus</span> <span class='ocrx_word' id='word_1_176' title='bbox 360 1969 597 2026; x_wconf 85' lang='lat' dir='ltr'>composita</span> <span class='ocrx_word' id='word_1_177' title='bbox 618 1979 739 2012; x_wconf 83' lang='lat' dir='ltr'>esset.</span> <span class='ocrx_word' id='word_1_178' title='bbox 786 1967 953 2010; x_wconf 87' lang='lat' dir='ltr'>Deinde</span> <span class='ocrx_word' id='word_1_179' title='bbox 970 1985 1024 2012; x_wconf 87' lang='lat' dir='ltr'>ne</span> <span class='ocrx_word' id='word_1_180' title='bbox 1043 1981 1252 2028; x_wconf 83' lang='lat' dir='ltr'>speraret,</span> <span class='ocrx_word' id='word_1_181' title='bbox 1270 1971 1488 2013; x_wconf 87' lang='lat' dir='ltr'>communi</span> 
     </span>
     <span class='ocr_line' id='line_1_24' title="bbox 179 2047 1484 2105; baseline 0.002 -17"><span class='ocrx_word' id='word_1_182' title='bbox 179 2048 332 2089; x_wconf 80' lang='lat' dir='ltr'>»totius</span> <span class='ocrx_word' id='word_1_183' title='bbox 370 2047 517 2105; x_wconf 88' lang='lat' dir='ltr'>populi</span> <span class='ocrx_word' id='word_1_184' title='bbox 550 2047 753 2104; x_wconf 80' lang='lat' dir='ltr'>applausu</span> <span class='ocrx_word' id='word_1_185' title='bbox 787 2047 1080 2105; x_wconf 87' lang='lat' dir='ltr'>recipiendum</span> <span class='ocrx_word' id='word_1_186' title='bbox 1115 2064 1202 2090; x_wconf 88' lang='lat' dir='ltr'>esse</span> <span class='ocrx_word' id='word_1_187' title='bbox 1236 2064 1484 2103; x_wconf 75' lang='lat' dir='ltr'>cnms&#39;rUM,</span> 
     </span>
    </p>
   </div>
   <div class='ocr_carea' id='block_1_3' title="bbox 178 2126 1489 2185">
    <p class='ocr_par' dir='ltr' id='par_1_3' title="bbox 178 2126 1489 2185">
     <span class='ocr_line' id='line_1_25' title="bbox 178 2126 1489 2185; baseline 0 -17"><span class='ocrx_word' id='word_1_188' title='bbox 178 2126 252 2169; x_wconf 87' lang='lat' dir='ltr'>sed</span> <span class='ocrx_word' id='word_1_189' title='bbox 265 2127 408 2185; x_wconf 88' lang='lat' dir='ltr'>potius</span> <span class='ocrx_word' id='word_1_190' title='bbox 424 2136 470 2167; x_wconf 86' lang='lat' dir='ltr'>ut</span> <span class='ocrx_word' id='word_1_191' title='bbox 485 2126 647 2168; x_wconf 88' lang='lat' dir='ltr'>invicto</span> <span class='ocrx_word' id='word_1_192' title='bbox 667 2126 794 2168; x_wconf 85' lang='lat' dir='ltr'>animi</span> <span class='ocrx_word' id='word_1_193' title='bbox 814 2126 973 2169; x_wconf 87' lang='lat' dir='ltr'>robore</span> <span class='ocrx_word' id='word_1_194' title='bbox 989 2126 1185 2170; x_wconf 85' lang='lat' dir='ltr'>adversus</span> <span class='ocrx_word' id='word_1_195' title='bbox 1203 2143 1350 2170; x_wconf 90' lang='lat' dir='ltr'>omnes</span> <span class='ocrx_word' id='word_1_196' title='bbox 1365 2127 1489 2170; x_wconf 87' lang='lat' dir='ltr'>insul·</span> 
     </span>
    </p>
   </div>
   <div class='ocr_carea' id='block_1_4' title="bbox 215 2278 1494 2489">
    <p class='ocr_par' dir='ltr' id='par_1_4' title="bbox 215 2278 709 2319">
     <span class='ocr_line' id='line_1_26' title="bbox 215 2278 709 2319; baseline 0.008 -9"><span class='ocrx_word' id='word_1_197' title='bbox 215 2279 270 2319; x_wconf 90' lang='grc'>(1)</span> <span class='ocrx_word' id='word_1_198' title='bbox 296 2279 348 2312; x_wconf 85' lang='lat' dir='ltr'>Cf.</span> <span class='ocrx_word' id='word_1_199' title='bbox 378 2289 531 2310; x_wconf 64' lang='lat' dir='ltr'>Rumon,</span> <span class='ocrx_word' id='word_1_200' title='bbox 556 2279 596 2311; x_wconf 86' lang='lat' dir='ltr'>ad</span> <span class='ocrx_word' id='word_1_201' title='bbox 620 2278 656 2313; x_wconf 87' lang='lat' dir='ltr'>h.</span> <span class='ocrx_word' id='word_1_202' title='bbox 684 2280 709 2314; x_wconf 88' lang='lat' dir='ltr'>l.</span> 
     </span>
    </p>

    <p class='ocr_par' dir='ltr' id='par_1_5' title="bbox 220 2334 771 2377">
     <span class='ocr_line' id='line_1_27' title="bbox 220 2334 771 2377; baseline -0.004 -10"><span class='ocrx_word' id='word_1_203' title='bbox 220 2337 273 2377; x_wconf 56' lang='lat'>(2)</span> <span class='ocrx_word' id='word_1_204' title='bbox 299 2337 352 2369; x_wconf 86' lang='lat' dir='ltr'>Cs.</span> <span class='ocrx_word' id='word_1_205' title='bbox 381 2347 414 2368; x_wconf 83' lang='lat' dir='ltr'>v.</span> <span class='ocrx_word' id='word_1_206' title='bbox 443 2347 476 2367; x_wconf 87' lang='lat' dir='ltr'>n.</span> <span class='ocrx_word' id='word_1_207' title='bbox 505 2347 591 2367; x_wconf 69' lang='lat' dir='ltr'>urm</span> <span class='ocrx_word' id='word_1_208' title='bbox 617 2336 658 2367; x_wconf 85' lang='lat' dir='ltr'>ad</span> <span class='ocrx_word' id='word_1_209' title='bbox 685 2334 719 2367; x_wconf 89' lang='lat' dir='ltr'>h.</span> <span class='ocrx_word' id='word_1_210' title='bbox 746 2336 771 2367; x_wconf 89' lang='lat' dir='ltr'>l.</span> 
     </span>
    </p>

    <p class='ocr_par' dir='ltr' id='par_1_6' title="bbox 217 2392 1494 2489">
     <span class='ocr_line' id='line_1_28' title="bbox 217 2392 1494 2435; baseline -0.001 -11"><span class='ocrx_word' id='word_1_211' title='bbox 217 2394 269 2435; x_wconf 80' lang='lat'>(3)</span> <span class='ocrx_word' id='word_1_212' title='bbox 295 2394 346 2424; x_wconf 79' lang='lat' dir='ltr'>Cf.</span> <span class='ocrx_word' id='word_1_213' title='bbox 377 2403 572 2424; x_wconf 65' lang='lat' dir='ltr'>otsxuusmv</span> <span class='ocrx_word' id='word_1_214' title='bbox 607 2393 665 2433; x_wconf 87' lang='lat' dir='ltr'>qui</span> <span class='ocrx_word' id='word_1_215' title='bbox 702 2393 771 2424; x_wconf 74' lang='lat' dir='ltr'>ait:</span> <span class='ocrx_word' id='word_1_216' title='bbox 809 2392 924 2424; x_wconf 79' lang='lat' dir='ltr'>»eben</span> <span class='ocrx_word' id='word_1_217' title='bbox 950 2393 998 2424; x_wconf 76' lang='lat' dir='ltr'>als</span> <span class='ocrx_word' id='word_1_218' title='bbox 1029 2402 1126 2423; x_wconf 76' lang='lat' dir='ltr'>wenn</span> <span class='ocrx_word' id='word_1_219' title='bbox 1161 2393 1213 2423; x_wconf 76' lang='lat' dir='ltr'>ein</span> <span class='ocrx_word' id='word_1_220' title='bbox 1245 2392 1347 2424; x_wconf 74' lang='lat' dir='ltr'>vater</span> <span class='ocrx_word' id='word_1_221' title='bbox 1382 2394 1414 2424; x_wconf 86' lang='lat' dir='ltr'>in</span> <span class='ocrx_word' id='word_1_222' title='bbox 1439 2393 1494 2424; x_wconf 75' lang='lat' dir='ltr'>dio</span> 
     </span>
     <span class='ocr_line' id='line_1_29' title="bbox 301 2438 1492 2489; baseline 0 -11"><span class='ocrx_word' id='word_1_223' title='bbox 301 2459 320 2478; x_wconf 90' lang='lat'>»</span> <span class='ocrx_word' id='word_1_224' title='bbox 334 2449 456 2479; x_wconf 83' lang='lat' dir='ltr'>Schaar</span> <span class='ocrx_word' id='word_1_225' title='bbox 477 2449 588 2480; x_wconf 73' lang='lat' dir='ltr'>seiner</span> <span class='ocrx_word' id='word_1_226' title='bbox 608 2448 728 2479; x_wconf 75' lang='lat' dir='ltr'>kinder</span> <span class='ocrx_word' id='word_1_227' title='bbox 749 2438 977 2489; x_wconf 45' lang='lat' dir='ltr'>hineinsragt&#39;:</span> <span class='ocrx_word' id='word_1_228' title='bbox 999 2459 1066 2479; x_wconf 76' lang='lat' dir='ltr'>wer</span> <span class='ocrx_word' id='word_1_229' title='bbox 1088 2448 1148 2480; x_wconf 81' lang='lat' dir='ltr'>hat</span> <span class='ocrx_word' id='word_1_230' title='bbox 1168 2448 1226 2480; x_wconf 82' lang='lat' dir='ltr'>das</span> <span class='ocrx_word' id='word_1_231' title='bbox 1249 2449 1400 2489; x_wconf 80' lang='lat' dir='ltr'>gethan?</span> <span class='ocrx_word' id='word_1_232' title='bbox 1426 2449 1492 2480; x_wconf 80' lang='lat' dir='ltr'>den</span> 
     </span>
    </p>
   </div>
   <div class='ocr_carea' id='block_1_5' title="bbox 302 2504 1495 2593">
    <p class='ocr_par' dir='ltr' id='par_1_7' title="bbox 302 2504 1495 2593">
     <span class='ocr_line' id='line_1_30' title="bbox 302 2504 1495 2545; baseline 0.002 -11"><span class='ocrx_word' id='word_1_233' title='bbox 302 2515 321 2534; x_wconf 87' lang='lat'>»</span> <span class='ocrx_word' id='word_1_234' title='bbox 331 2505 536 2545; x_wconf 76' lang='lat' dir='ltr'>schuldigen</span> <span class='ocrx_word' id='word_1_235' title='bbox 557 2505 648 2536; x_wconf 85' lang='lat' dir='ltr'>wohl</span> <span class='ocrx_word' id='word_1_236' title='bbox 668 2505 824 2537; x_wconf 69' lang='lat' dir='ltr'>kennerid</span> <span class='ocrx_word' id='word_1_237' title='bbox 841 2531 849 2544; x_wconf 90' lang='lat'>‚</span> <span class='ocrx_word' id='word_1_238' title='bbox 878 2506 957 2539; x_wconf 76' lang='lat' dir='ltr'>aber</span> <span class='ocrx_word' id='word_1_239' title='bbox 978 2508 1049 2539; x_wconf 76' lang='lat' dir='ltr'>sein</span> <span class='ocrx_word' id='word_1_240' title='bbox 1075 2507 1174 2537; x_wconf 47' lang='lat' dir='ltr'>fri-ins</span> <span class='ocrx_word' id='word_1_241' title='bbox 1193 2504 1417 2538; x_wconf 71' lang='lat' dir='ltr'>Bekenntniss</span> <span class='ocrx_word' id='word_1_242' title='bbox 1436 2507 1495 2537; x_wconf 71' lang='lat' dir='ltr'>dor</span> 
     </span>
     <span class='ocr_line' id='line_1_31' title="bbox 306 2560 739 2593; baseline 0.005 -3"><span class='ocrx_word' id='word_1_243' title='bbox 306 2572 324 2590; x_wconf 94' lang='lat'>»</span> <span class='ocrx_word' id='word_1_244' title='bbox 338 2560 463 2591; x_wconf 86' lang='lat' dir='ltr'>Schuld</span> <span class='ocrx_word' id='word_1_245' title='bbox 484 2560 739 2593; x_wconf 76' lang='lat' dir='ltr'>wfinschend.‘’</span> 
     </span>
    </p>
   </div>
   <div class='ocr_carea' id='block_1_6' title="bbox 219 2615 710 2655">
    <p class='ocr_par' dir='ltr' id='par_1_8' title="bbox 219 2615 710 2655">
     <span class='ocr_line' id='line_1_32' title="bbox 219 2615 710 2655; baseline 0.014 -13"><span class='ocrx_word' id='word_1_246' title='bbox 219 2615 270 2655; x_wconf 68' lang='lat'>(4)</span> <span class='ocrx_word' id='word_1_247' title='bbox 296 2616 347 2648; x_wconf 86' lang='lat' dir='ltr'>Cf.</span> <span class='ocrx_word' id='word_1_248' title='bbox 378 2627 531 2647; x_wconf 73' lang='grc' dir='ltr'>κυιποει</span> <span class='ocrx_word' id='word_1_249' title='bbox 558 2617 596 2647; x_wconf 81' lang='lat' dir='ltr'>ad</span> <span class='ocrx_word' id='word_1_250' title='bbox 623 2617 658 2649; x_wconf 83' lang='lat' dir='ltr'>h.</span> <span class='ocrx_word' id='word_1_251' title='bbox 688 2617 710 2649; x_wconf 91' lang='lat' dir='ltr'>l.</span> 
     </span>
    </p>
   </div>
   <div class='ocr_carea' id='block_1_7' title="bbox 556 2232 662 2237">
    <p class='ocr_par' dir='ltr' id='par_1_9' title="bbox 556 2232 662 2237">
     <span class='ocr_line' id='line_1_33' title="bbox 556 2232 662 2237; baseline 0 0"><span class='ocrx_word' id='word_1_252' title='bbox 556 2232 662 2237; x_wconf 95' lang='lat' dir='ltr'> </span> 
     </span>
    </p>
   </div>
  </div>
 </body>
</html>
