1711 3047
778 134 894 211 ‘aa

188 294 270 336 alia
297 292 516 335 tradantur
533 294 717 349 ratione,
754 309 988 350 cnvmns,
1022 299 1324 358 conjungendis
1354 301 1487 344 tribus

187 372 444 430 Evangeliis,
475 373 506 413 si
544 372 659 429 quod
691 374 870 432 spatium
892 376 944 416 ab
971 391 1083 431 uno,
1114 378 1182 419 vel
1205 378 1392 434 duobus,
1422 396 1488 422 re-

185 452 334 493 lictum
361 451 507 493 fuisset
533 467 732 507 vacuum,
765 469 816 495 ex
840 454 1010 511 reliquis
1041 457 1288 514 complevit,
1320 469 1362 499 et
1389 474 1489 499 con-

185 530 370 572 ferendis
390 531 540 573 iisdem
561 532 837 575 relationibus
853 565 864 587 ,
897 549 1024 575 unam
1048 550 1098 576 ex
1122 535 1251 577 altera
1270 537 1492 578 illustravit

190 619 233 650 et
255 609 536 652 confirmavit.
601 611 845 665 Praeterea,
868 612 900 653 si
927 623 1091 653 constat
1109 613 1219 654 inter
1239 614 1461 672 theologos
1475 646 1488 669 ,

189 698 232 729 et
251 688 410 744 antiqui
430 699 471 729 et
492 689 738 730 recentioris
760 691 982 747 temporis,
1007 691 1268 732 harmoniam
1294 707 1344 733 ex
1362 693 1512 734 Evam-⁵

191 765 331 824 geliis,
364 766 558 807 omnibus
584 769 767 809 numeris
795 769 1049 823 absolutam,
1082 770 1284 827 componi
1317 785 1405 811 non
1432 770 1493 811 fa-

192 845 272 886 cile
304 860 427 903 posse
448 844 531 902 (1),
563 846 596 886 si
627 847 758 900 varii,
793 847 1119 888 clarissimorum
1147 849 1273 889 etiam
1303 848 1492 890 virorum

190 933 384 975 conatus,
419 939 624 981 prospero
652 925 865 981 hucusque
897 936 1119 967 caruerunt
1146 942 1359 980 successu,
1394 941 1495 968 CAL-

189 1016 314 1043 vmus
351 1001 583 1043 laudandus
608 1002 797 1056 videtur,
832 1003 967 1060 quod,
1001 1005 1044 1044 in
1072 1005 1155 1045 hoc
1189 1003 1327 1045 studio
1347 1035 1360 1058 ,
1399 1004 1493 1045 nul-

188 1080 276 1121 lum
297 1081 446 1121 virium
467 1097 634 1123 suarum
658 1082 807 1123 fecerit
823 1083 1080 1139 periculum,
1107 1099 1284 1141 negans,
1311 1083 1356 1123 id
1379 1083 1493 1124 felici

189 1169 343 1199 eventu
375 1158 464 1200 fieri
492 1175 629 1216 posse.
694 1161 827 1201 Recte
858 1161 984 1218 igitur
1014 1161 1253 1201 libertatem
1281 1161 1360 1200 sibi
1383 1175 1492 1201 sum·

189 1236 263 1290 sit,
286 1237 608 1294 Evangeliorum
632 1248 924 1295 argumentum
946 1237 1221 1294 disponendi,
1241 1239 1288 1279 ea
1308 1239 1491 1292 ratione,

192 1329 297 1371 quae
329 1315 408 1371 ipsi
445 1314 666 1356 videbatur
702 1315 919 1356 utilissima
951 1331 1038 1356 esse
1074 1315 1328 1367 lectoribus,
1369 1326 1493 1372 atque

191 1408 338 1434 eorum
355 1390 588 1434 'materiam
610 1394 668 1434 ita
693 1394 927 1446 contexuit,
958 1404 1029 1447 ut,
1063 1409 1147 1434 uno
1173 1394 1287 1450 quasi
1323 1404 1492 1447 tenore,

190 1471 329 1511 varios
364 1471 515 1510 Christi
543 1486 757 1511 sermones
779 1482 821 1511 et
848 1471 1072 1527 parabolas
1106 1471 1313 1529 legentes,
1348 1472 1496 1513 melius

191 1550 235 1589 in
266 1549 449 1589 auctoris
479 1559 665 1590 mentem
695 1559 939 1606 penetrare,
973 1549 1088 1590 varia
1122 1564 1145 1589 a
1170 1548 1391 1590 Servatore
1421 1565 1495 1607 pa-

191 1638 301 1669 trata
329 1628 531 1668 miracula
558 1628 681 1668 simul
711 1628 1067 1685 contemplantes,
1100 1643 1247 1669 eorum
1277 1629 1498 1670 consilium

193 1707 453 1765 perspicere,
477 1707 646 1762 vimque
670 1707 892 1747 salutarem
914 1706 1248 1748 animadvertere
1270 1708 1496 1764 possimus,

197 1796 322 1842 atque
356 1800 408 1826 eo
434 1787 594 1840 majore
627 1785 897 1825 veneratione
928 1795 970 1825 et
1004 1799 1149 1824 amore
1178 1799 1276 1841 erga
1310 1783 1498 1825 divinum

195 1864 362 1905 huncce
395 1864 558 1921 generis
591 1863 761 1904 humani
802 1863 1068 1919 Ἐὐεργέτην,
1104 1863 1359 1904 imbuamur.
1423 1862 1500 1903 His

196 1941 367 1999 quidem
399 1942 633 1983 rationibus
667 1957 867 1995 moveor,
907 1953 954 1983 ut
989 1957 1165 1983 CALVINI
1204 1940 1498 1993 harmoniam,

201 2020 470 2062 considerato
506 2021 686 2062 maxime
724 2032 943 2078 tempore,
983 2036 1068 2077 quo
1103 2021 1228 2073 vixit,
1274 2018 1502 2076 paucisque

200 2100 515 2157 progressibus,
552 2101 620 2156 qui
655 2101 733 2141 hac
765 2101 807 2140 in
828 2115 874 2141 re
908 2100 1007 2140 facti
1036 2109 1183 2152 erant,
1215 2097 1408 2139 laudibus
1433 2112 1502 2138 ce-

199 2177 470 2230 lebrandam,
498 2193 673 2234 eamque
695 2179 845 2218 summi
878 2193 965 2218 non
998 2188 1159 2218 tantum
1195 2191 1281 2217 esse
1314 2190 1503 2217 momen-

203 2256 255 2309 ti,
280 2253 353 2296 sed
375 2255 581 2296 maximae
599 2257 727 2298 etiam
747 2256 936 2297 utilitatis
956 2254 1208 2297 censendam
1228 2269 1314 2295 esse
1337 2263 1497 2311 putem.

241 2441 294 2484 (1)
318 2441 369 2473 Cf.
393 2451 436 2474 ne
462 2440 575 2484 plures
598 2439 729 2472 laudem
754 2448 906 2470 mmmm.
928 2438 1178 2481 proleqomena
1200 2437 1247 2469 ad
1269 2445 1401 2469 turm.
1428 2435 1443 2479 ς
1472 2436 1503 2469 1.

707 2584 945 2602 Q
