<?xml version="1.0" encoding="UTF-8"?>
<!DOCTYPE html PUBLIC "-//W3C//DTD XHTML 1.0 Transitional//EN"
    "http://www.w3.org/TR/xhtml1/DTD/xhtml1-transitional.dtd">
<html xmlns="http://www.w3.org/1999/xhtml" xml:lang="en" lang="en">
 <head>
  <title>
</title>
<meta http-equiv="Content-Type" content="text/html;charset=utf-8" />
  <meta name='ocr-system' content='tesseract 3.04.00' />
  <meta name='ocr-capabilities' content='ocr_page ocr_carea ocr_par ocr_line ocrx_word'/>
</head>
<body>
  <div class='ocr_page' id='page_1' title='image "./disquisitiodecal00esch_0080.png"; bbox 0 0 1711 3047; ppageno 0'>
   <div class='ocr_carea' id='block_1_1' title="bbox 860 170 917 213">
    <p class='ocr_par' dir='ltr' id='par_1_1' title="bbox 860 170 917 213">
     <span class='ocr_line' id='line_1_1' title="bbox 860 170 917 213; baseline -0.018 0"><span class='ocrx_word' id='word_1_1' title='bbox 860 170 917 213; x_wconf 82' lang='grc'>64</span> 
     </span>
    </p>
   </div>
   <div class='ocr_carea' id='block_1_2' title="bbox 227 310 1584 2174">
    <p class='ocr_par' dir='ltr' id='par_1_2' title="bbox 229 310 1538 1468">
     <span class='ocr_line' id='line_1_2' title="bbox 300 310 1535 369; baseline 0.002 -15"><span class='ocrx_word' id='word_1_2' title='bbox 300 312 393 354; x_wconf 83' lang='lat' dir='ltr'>Alia</span> <span class='ocrx_word' id='word_1_3' title='bbox 412 311 539 354; x_wconf 80' lang='lat' dir='ltr'>etiam</span> <span class='ocrx_word' id='word_1_4' title='bbox 565 321 680 365; x_wconf 87' lang='lat' dir='ltr'>sunt,</span> <span class='ocrx_word' id='word_1_5' title='bbox 704 326 810 368; x_wconf 87' lang='lat' dir='ltr'>quae</span> <span class='ocrx_word' id='word_1_6' title='bbox 836 310 1069 369; x_wconf 85' lang='lat' dir='ltr'>praestitit,</span> <span class='ocrx_word' id='word_1_7' title='bbox 1097 322 1316 355; x_wconf 84' lang='lat' dir='ltr'>contextus</span> <span class='ocrx_word' id='word_1_8' title='bbox 1339 313 1535 356; x_wconf 84' lang='lat' dir='ltr'>observa-</span> 
     </span>
     <span class='ocr_line' id='line_1_3' title="bbox 235 390 1536 451; baseline 0.002 -19"><span class='ocrx_word' id='word_1_9' title='bbox 235 391 367 433; x_wconf 82' lang='lat' dir='ltr'><strong>tione.</strong></span> <span class='ocrx_word' id='word_1_10' title='bbox 428 390 492 432; x_wconf 89' lang='lat' dir='ltr'>Ita</span> <span class='ocrx_word' id='word_1_11' title='bbox 517 390 765 448; x_wconf 90' lang='lat' dir='ltr'>plerumque</span> <span class='ocrx_word' id='word_1_12' title='bbox 787 390 1071 448; x_wconf 80' lang='lat' dir='ltr'>interpungit,</span> <span class='ocrx_word' id='word_1_13' title='bbox 1103 400 1151 432; x_wconf 89' lang='lat' dir='ltr'>ut</span> <span class='ocrx_word' id='word_1_14' title='bbox 1179 390 1323 433; x_wconf 84' lang='lat' dir='ltr'><strong>faciles</strong></span> <span class='ocrx_word' id='word_1_15' title='bbox 1346 392 1536 451; x_wconf 87' lang='lat' dir='ltr'>proferat</span> 
     </span>
     <span class='ocr_line' id='line_1_4' title="bbox 233 468 1536 528; baseline 0.005 -18"><span class='ocrx_word' id='word_1_16' title='bbox 233 469 625 528; x_wconf 77' lang='lat' dir='ltr'>interpretatione53</span> <span class='ocrx_word' id='word_1_17' title='bbox 651 485 687 512; x_wconf 91' lang='lat' dir='ltr'>e.</span> <span class='ocrx_word' id='word_1_18' title='bbox 710 485 747 511; x_wconf 86' lang='lat' dir='ltr'>c.</span> <span class='ocrx_word' id='word_1_19' title='bbox 764 484 886 511; x_wconf 79' lang='lat' dir='ltr'><strong>JOAN.</strong></span> <span class='ocrx_word' id='word_1_20' title='bbox 908 468 1032 522; x_wconf 85' lang='lat' dir='ltr'><strong>XIV,</strong></span> <span class='ocrx_word' id='word_1_21' title='bbox 1068 483 1107 510; x_wconf 86' lang='lat'>2.</span> <span class='ocrx_word' id='word_1_22' title='bbox 1132 472 1166 511; x_wconf 77' lang='grc' dir='ltr'>εἷ</span> <span class='ocrx_word' id='word_1_23' title='bbox 1184 471 1227 513; x_wconf 77' lang='grc' dir='ltr'>δὲ</span> <span class='ocrx_word' id='word_1_24' title='bbox 1249 474 1321 526; x_wconf 80' lang='grc' dir='ltr'>μὴ,</span> <span class='ocrx_word' id='word_1_25' title='bbox 1343 468 1458 515; x_wconf 75' lang='grc' dir='ltr'><em>εἷπον</em></span> <span class='ocrx_word' id='word_1_26' title='bbox 1479 475 1536 516; x_wconf 77' lang='grc' dir='ltr'>ἄν</span> 
     </span>
     <span class='ocr_line' id='line_1_5' title="bbox 231 547 1535 607; baseline 0.002 -17"><span class='ocrx_word' id='word_1_27' title='bbox 231 550 327 603; x_wconf 76' lang='grc' dir='ltr'>ὑμῖν</span> <span class='ocrx_word' id='word_1_28' title='bbox 343 547 419 607; x_wconf 84' lang='lat'>(1).</span> <span class='ocrx_word' id='word_1_29' title='bbox 481 549 545 590; x_wconf 87' lang='lat' dir='ltr'>Ex</span> <span class='ocrx_word' id='word_1_30' title='bbox 571 548 731 590; x_wconf 87' lang='lat' dir='ltr'>duabus</span> <span class='ocrx_word' id='word_1_31' title='bbox 759 550 877 591; x_wconf 87' lang='lat' dir='ltr'>vocis</span> <span class='ocrx_word' id='word_1_32' title='bbox 902 547 1294 607; x_wconf 84' lang='lat' dir='ltr'>significationibus,</span> <span class='ocrx_word' id='word_1_33' title='bbox 1323 566 1429 607; x_wconf 88' lang='lat' dir='ltr'>quae</span> <span class='ocrx_word' id='word_1_34' title='bbox 1455 550 1535 592; x_wconf 86' lang='lat' dir='ltr'>sin-</span> 
     </span>
     <span class='ocr_line' id='line_1_6' title="bbox 231 626 1534 686; baseline 0.002 -18"><span class='ocrx_word' id='word_1_35' title='bbox 231 627 354 686; x_wconf 83' lang='lat' dir='ltr'>gulae</span> <span class='ocrx_word' id='word_1_36' title='bbox 377 628 422 668; x_wconf 87' lang='lat' dir='ltr'>in</span> <span class='ocrx_word' id='word_1_37' title='bbox 447 638 692 669; x_wconf 83' lang='lat' dir='ltr'>contextum</span> <span class='ocrx_word' id='word_1_38' title='bbox 719 626 951 684; x_wconf 84' lang='lat' dir='ltr'>quadrant,</span> <span class='ocrx_word' id='word_1_39' title='bbox 983 642 1075 668; x_wconf 89' lang='lat' dir='ltr'>eam</span> <span class='ocrx_word' id='word_1_40' title='bbox 1100 626 1305 685; x_wconf 69' lang='lat' dir='ltr'>praefert,</span> <span class='ocrx_word' id='word_1_41' title='bbox 1337 644 1442 685; x_wconf 85' lang='lat' dir='ltr'>quae</span> <span class='ocrx_word' id='word_1_42' title='bbox 1470 628 1534 670; x_wconf 91' lang='lat' dir='ltr'>rei</span> 
     </span>
     <span class='ocr_line' id='line_1_7' title="bbox 230 705 1532 760; baseline 0.002 -15"><span class='ocrx_word' id='word_1_43' title='bbox 230 715 405 746; x_wconf 86' lang='lat' dir='ltr'>naturae</span> <span class='ocrx_word' id='word_1_44' title='bbox 436 715 499 746; x_wconf 87' lang='lat' dir='ltr'>est</span> <span class='ocrx_word' id='word_1_45' title='bbox 529 706 709 747; x_wconf 83' lang='lat' dir='ltr'>maxime</span> <span class='ocrx_word' id='word_1_46' title='bbox 742 705 1022 759; x_wconf 88' lang='lat' dir='ltr'>conveniens,</span> <span class='ocrx_word' id='word_1_47' title='bbox 1057 720 1094 747; x_wconf 89' lang='lat' dir='ltr'>e.</span> <span class='ocrx_word' id='word_1_48' title='bbox 1127 720 1164 747; x_wconf 77' lang='lat' dir='ltr'>c·</span> <span class='ocrx_word' id='word_1_49' title='bbox 1197 719 1360 759; x_wconf 71' lang='grc' dir='ltr'><strong>ΜΑΤΤῌ.</strong></span> <span class='ocrx_word' id='word_1_50' title='bbox 1391 706 1453 760; x_wconf 81' lang='grc' dir='ltr'>ΙΙ,</span> <span class='ocrx_word' id='word_1_51' title='bbox 1488 721 1532 749; x_wconf 88' lang='lat'>2.</span> 
     </span>
     <span class='ocr_line' id='line_1_8' title="bbox 229 781 1538 842; baseline 0.002 -17"><span class='ocrx_word' id='word_1_52' title='bbox 229 781 314 825; x_wconf 89' lang='lat' dir='ltr'>vid.</span> <span class='ocrx_word' id='word_1_53' title='bbox 338 797 491 842; x_wconf 85' lang='lat' dir='ltr'>supra3</span> <span class='ocrx_word' id='word_1_54' title='bbox 525 783 610 838; x_wconf 90' lang='lat' dir='ltr'>IV,</span> <span class='ocrx_word' id='word_1_55' title='bbox 646 783 685 826; x_wconf 84' lang='lat'>5.</span> <span class='ocrx_word' id='word_1_56' title='bbox 712 785 868 840; x_wconf 71' lang='grc' dir='ltr'><em>ἵστησιν</em></span> <span class='ocrx_word' id='word_1_57' title='bbox 895 785 1021 828; x_wconf 75' lang='grc' dir='ltr'><em>ἀυτὸν</em></span> <span class='ocrx_word' id='word_1_58' title='bbox 1052 785 1120 827; x_wconf 79' lang='grc' dir='ltr'>ἐπὶ</span> <span class='ocrx_word' id='word_1_59' title='bbox 1149 785 1195 826; x_wconf 85' lang='grc' dir='ltr'>τὸ</span> <span class='ocrx_word' id='word_1_60' title='bbox 1224 789 1437 840; x_wconf 62' lang='grc' dir='ltr'><em>πτερύγιον</em></span> <span class='ocrx_word' id='word_1_61' title='bbox 1466 787 1538 828; x_wconf 82' lang='grc' dir='ltr'>τοῦ</span> 
     </span>
     <span class='ocr_line' id='line_1_9' title="bbox 231 862 1536 919; baseline 0.002 -15"><span class='ocrx_word' id='word_1_62' title='bbox 231 863 334 918; x_wconf 77' lang='grc' dir='ltr'><strong><em>ἱεροῦ</em></strong></span> <span class='ocrx_word' id='word_1_63' title='bbox 365 879 404 905; x_wconf 82' lang='grc' dir='ltr'>κ.</span> <span class='ocrx_word' id='word_1_64' title='bbox 423 880 460 906; x_wconf 82' lang='grc' dir='ltr'>τ.</span> <span class='ocrx_word' id='word_1_65' title='bbox 481 862 541 917; x_wconf 88' lang='grc' dir='ltr'>λ.,</span> <span class='ocrx_word' id='word_1_66' title='bbox 574 873 617 904; x_wconf 88' lang='lat' dir='ltr'>et</span> <span class='ocrx_word' id='word_1_67' title='bbox 646 862 760 905; x_wconf 89' lang='lat' dir='ltr'>Sect.</span> <span class='ocrx_word' id='word_1_68' title='bbox 794 865 836 907; x_wconf 90' lang='lat'>8.</span> <span class='ocrx_word' id='word_1_69' title='bbox 874 865 930 913; x_wconf 72' lang='grc' dir='ltr'>εὶς</span> <span class='ocrx_word' id='word_1_70' title='bbox 959 865 1048 919; x_wconf 82' lang='grc' dir='ltr'><em>ὄρος</em></span> <span class='ocrx_word' id='word_1_71' title='bbox 1077 862 1238 919; x_wconf 79' lang='grc' dir='ltr'><em>ὑψηλὸν</em></span> <span class='ocrx_word' id='word_1_72' title='bbox 1263 863 1358 908; x_wconf 79' lang='grc' dir='ltr'><em>λίαν</em></span> <span class='ocrx_word' id='word_1_73' title='bbox 1388 881 1426 907; x_wconf 81' lang='grc' dir='ltr'>κ.</span> <span class='ocrx_word' id='word_1_74' title='bbox 1453 881 1490 907; x_wconf 85' lang='grc' dir='ltr'>τ.</span> <span class='ocrx_word' id='word_1_75' title='bbox 1510 863 1536 906; x_wconf 80' lang='grc' dir='ltr'><strong>λ</strong></span> 
     </span>
     <span class='ocr_line' id='line_1_10' title="bbox 231 941 1537 1000; baseline 0.003 -18"><span class='ocrx_word' id='word_1_76' title='bbox 231 941 364 982; x_wconf 86' lang='lat' dir='ltr'>»haec</span> <span class='ocrx_word' id='word_1_77' title='bbox 396 941 548 983; x_wconf 90' lang='lat' dir='ltr'>visioni</span> <span class='ocrx_word' id='word_1_78' title='bbox 571 942 703 1000; x_wconf 88' lang='lat' dir='ltr'>magis</span> <span class='ocrx_word' id='word_1_79' title='bbox 734 942 1018 984; x_wconf 85' lang='lat' dir='ltr'>conveniunt&#39;&#39;</span> <span class='ocrx_word' id='word_1_80' title='bbox 1040 941 1100 1000; x_wconf 87' lang='lat'>(2)</span> <span class='ocrx_word' id='word_1_81' title='bbox 1119 958 1131 996; x_wconf 81' lang='lat'>3</span> <span class='ocrx_word' id='word_1_82' title='bbox 1164 942 1262 985; x_wconf 86' lang='lat' dir='ltr'>Act.</span> <span class='ocrx_word' id='word_1_83' title='bbox 1283 941 1363 997; x_wconf 91' lang='lat' dir='ltr'>IV,</span> <span class='ocrx_word' id='word_1_84' title='bbox 1387 945 1429 995; x_wconf 75' lang='grc'>4.</span> <span class='ocrx_word' id='word_1_85' title='bbox 1452 945 1537 996; x_wconf 77' lang='grc' dir='ltr'><em>ἔγε-</em></span> 
     </span>
     <span class='ocr_line' id='line_1_11' title="bbox 234 1020 1534 1077; baseline -0.002 -13"><span class='ocrx_word' id='word_1_86' title='bbox 234 1024 345 1075; x_wconf 68' lang='grc' dir='ltr'>νήθη</span> <span class='ocrx_word' id='word_1_87' title='bbox 372 1022 398 1062; x_wconf 83' lang='grc' dir='ltr'><em>ό</em></span> <span class='ocrx_word' id='word_1_88' title='bbox 422 1021 594 1075; x_wconf 73' lang='grc' dir='ltr'><em>ἀριθμὸς</em></span> <span class='ocrx_word' id='word_1_89' title='bbox 626 1023 710 1065; x_wconf 76' lang='grc' dir='ltr'>τῶν</span> <span class='ocrx_word' id='word_1_90' title='bbox 733 1022 896 1076; x_wconf 74' lang='grc' dir='ltr'><em>ἀνδρῶν</em></span> <span class='ocrx_word' id='word_1_91' title='bbox 926 1022 1017 1063; x_wconf 73' lang='grc' dir='ltr'>ὡσεὶ</span> <span class='ocrx_word' id='word_1_92' title='bbox 1046 1020 1222 1077; x_wconf 78' lang='grc' dir='ltr'><strong><em>χιλιάδες</em></strong></span> <span class='ocrx_word' id='word_1_93' title='bbox 1257 1020 1379 1064; x_wconf 78' lang='grc' dir='ltr'><em>πέντε</em></span> <span class='ocrx_word' id='word_1_94' title='bbox 1420 1036 1534 1062; x_wconf 81' lang='lat' dir='ltr'>»non</span> 
     </span>
     <span class='ocr_line' id='line_1_12' title="bbox 231 1096 1535 1152; baseline 0.002 -13"><span class='ocrx_word' id='word_1_95' title='bbox 231 1096 312 1139; x_wconf 80' lang='lat' dir='ltr'>»de</span> <span class='ocrx_word' id='word_1_96' title='bbox 342 1113 453 1140; x_wconf 88' lang='lat' dir='ltr'>nova</span> <span class='ocrx_word' id='word_1_97' title='bbox 484 1098 747 1152; x_wconf 83' lang='lat' dir='ltr'>accessione,</span> <span class='ocrx_word' id='word_1_98' title='bbox 786 1098 861 1140; x_wconf 90' lang='lat' dir='ltr'>sed</span> <span class='ocrx_word' id='word_1_99' title='bbox 891 1098 944 1140; x_wconf 93' lang='lat' dir='ltr'>de</span> <span class='ocrx_word' id='word_1_100' title='bbox 974 1099 1065 1140; x_wconf 64' lang='lat' dir='ltr'>tota</span> <span class='ocrx_word' id='word_1_101' title='bbox 1094 1098 1283 1141; x_wconf 64' lang='lat' dir='ltr'>Ecclesia</span> <span class='ocrx_word' id='word_1_102' title='bbox 1312 1113 1535 1141; x_wconf 90' lang='lat' dir='ltr'>numerum</span> 
     </span>
     <span class='ocr_line' id='line_1_13' title="bbox 232 1175 1534 1233; baseline 0.002 -17"><span class='ocrx_word' id='word_1_103' title='bbox 232 1175 407 1217; x_wconf 81' lang='lat' dir='ltr'>»sumit&#39;’</span> <span class='ocrx_word' id='word_1_104' title='bbox 422 1175 498 1233; x_wconf 81' lang='lat'>(3)</span> <span class='ocrx_word' id='word_1_105' title='bbox 524 1176 804 1233; x_wconf 83' lang='lat' dir='ltr'>Simplicitate</span> <span class='ocrx_word' id='word_1_106' title='bbox 818 1191 906 1217; x_wconf 85' lang='lat' dir='ltr'>sese</span> <span class='ocrx_word' id='word_1_107' title='bbox 924 1175 1238 1229; x_wconf 86' lang='lat' dir='ltr'>commendant,</span> <span class='ocrx_word' id='word_1_108' title='bbox 1254 1187 1423 1233; x_wconf 88' lang='lat' dir='ltr'>praeter</span> <span class='ocrx_word' id='word_1_109' title='bbox 1439 1177 1534 1232; x_wconf 86' lang='lat' dir='ltr'>alia,</span> 
     </span>
     <span class='ocr_line' id='line_1_14' title="bbox 229 1253 1536 1310; baseline 0.001 -15"><span class='ocrx_word' id='word_1_110' title='bbox 229 1267 354 1296; x_wconf 70' lang='lat' dir='ltr'><strong>JOAN.</strong></span> <span class='ocrx_word' id='word_1_111' title='bbox 389 1253 475 1308; x_wconf 86' lang='lat' dir='ltr'>IV,</span> <span class='ocrx_word' id='word_1_112' title='bbox 517 1268 582 1296; x_wconf 89' lang='lat'>10.</span> <span class='ocrx_word' id='word_1_113' title='bbox 620 1256 656 1296; x_wconf 73' lang='grc' dir='ltr'>εἴ</span> <span class='ocrx_word' id='word_1_114' title='bbox 685 1254 796 1309; x_wconf 75' lang='grc' dir='ltr'><strong><em>ᾔδεις</em></strong></span> <span class='ocrx_word' id='word_1_115' title='bbox 828 1257 904 1308; x_wconf 79' lang='grc' dir='ltr'>τὴν</span> <span class='ocrx_word' id='word_1_116' title='bbox 941 1254 1094 1310; x_wconf 71' lang='grc' dir='ltr'><em>δωρεὰν</em></span> <span class='ocrx_word' id='word_1_117' title='bbox 1129 1258 1200 1296; x_wconf 79' lang='grc' dir='ltr'>τοῦ</span> <span class='ocrx_word' id='word_1_118' title='bbox 1235 1255 1350 1296; x_wconf 80' lang='grc' dir='ltr'><strong>Θεοῦ.</strong></span> <span class='ocrx_word' id='word_1_119' title='bbox 1410 1254 1536 1296; x_wconf 83' lang='grc' dir='ltr'>»Ηοο</span> 
     </span>
     <span class='ocr_line' id='line_1_15' title="bbox 231 1331 1534 1390; baseline 0.002 -17"><span class='ocrx_word' id='word_1_120' title='bbox 231 1331 464 1390; x_wconf 77' lang='lat' dir='ltr'>»singulare</span> <span class='ocrx_word' id='word_1_121' title='bbox 509 1343 599 1373; x_wconf 88' lang='lat' dir='ltr'>erat</span> <span class='ocrx_word' id='word_1_122' title='bbox 633 1332 713 1373; x_wconf 91' lang='lat' dir='ltr'>Dei</span> <span class='ocrx_word' id='word_1_123' title='bbox 748 1331 1031 1386; x_wconf 84' lang='lat' dir='ltr'>beneficium,</span> <span class='ocrx_word' id='word_1_124' title='bbox 1080 1341 1344 1390; x_wconf 87' lang='lat' dir='ltr'>praesentem</span> <span class='ocrx_word' id='word_1_125' title='bbox 1375 1331 1534 1375; x_wconf 87' lang='lat' dir='ltr'>habere</span> 
     </span>
     <span class='ocr_line' id='line_1_16' title="bbox 230 1409 1494 1468; baseline 0.002 -17"><span class='ocrx_word' id='word_1_126' title='bbox 230 1425 500 1464; x_wconf 55' lang='lat' dir='ltr'>neumarum,</span> <span class='ocrx_word' id='word_1_127' title='bbox 535 1411 607 1467; x_wconf 88' lang='lat' dir='ltr'>qui</span> <span class='ocrx_word' id='word_1_128' title='bbox 639 1412 768 1452; x_wconf 89' lang='lat' dir='ltr'>vitam</span> <span class='ocrx_word' id='word_1_129' title='bbox 799 1421 1012 1452; x_wconf 81' lang='lat' dir='ltr'>aeternam</span> <span class='ocrx_word' id='word_1_130' title='bbox 1043 1425 1186 1452; x_wconf 89' lang='lat' dir='ltr'>secum</span> <span class='ocrx_word' id='word_1_131' title='bbox 1215 1409 1400 1451; x_wconf 85' lang='lat' dir='ltr'>ferebat”</span> <span class='ocrx_word' id='word_1_132' title='bbox 1418 1409 1494 1468; x_wconf 74' lang='lat'><strong>(4).</strong></span> 
     </span>
    </p>

    <p class='ocr_par' dir='ltr' id='par_1_3' title="bbox 227 1486 1584 2174">
     <span class='ocr_line' id='line_1_17' title="bbox 289 1486 1584 1544; baseline -0.002 -14"><span class='ocrx_word' id='word_1_133' title='bbox 289 1488 623 1530; x_wconf 86' lang='lat' dir='ltr'>Proverbiorum</span> <span class='ocrx_word' id='word_1_134' title='bbox 662 1498 705 1530; x_wconf 87' lang='lat' dir='ltr'>et</span> <span class='ocrx_word' id='word_1_135' title='bbox 736 1503 910 1542; x_wconf 86' lang='lat' dir='ltr'>eorum,</span> <span class='ocrx_word' id='word_1_136' title='bbox 945 1503 1052 1544; x_wconf 86' lang='lat' dir='ltr'>quae</span> <span class='ocrx_word' id='word_1_137' title='bbox 1080 1487 1271 1529; x_wconf 87' lang='lat' dir='ltr'>universe</span> <span class='ocrx_word' id='word_1_138' title='bbox 1307 1486 1528 1542; x_wconf 80' lang='lat' dir='ltr'>dicuntur,</span> <span class='ocrx_word' id='word_1_139' title='bbox 1580 1488 1584 1492; x_wconf 71' lang='grc'>’</span> 
     </span>
     <span class='ocr_line' id='line_1_18' title="bbox 231 1565 1534 1624; baseline 0 -16"><span class='ocrx_word' id='word_1_140' title='bbox 231 1582 421 1621; x_wconf 91' lang='lat' dir='ltr'>sensum,</span> <span class='ocrx_word' id='word_1_141' title='bbox 453 1582 504 1608; x_wconf 87' lang='lat' dir='ltr'>ex</span> <span class='ocrx_word' id='word_1_142' title='bbox 534 1576 737 1608; x_wconf 84' lang='lat' dir='ltr'>contextu</span> <span class='ocrx_word' id='word_1_143' title='bbox 768 1565 932 1608; x_wconf 85' lang='lat' dir='ltr'>derivat</span> <span class='ocrx_word' id='word_1_144' title='bbox 958 1575 1001 1607; x_wconf 88' lang='lat' dir='ltr'>et</span> <span class='ocrx_word' id='word_1_145' title='bbox 1027 1566 1072 1607; x_wconf 89' lang='lat' dir='ltr'>in</span> <span class='ocrx_word' id='word_1_146' title='bbox 1099 1565 1199 1607; x_wconf 91' lang='lat' dir='ltr'>loco</span> <span class='ocrx_word' id='word_1_147' title='bbox 1224 1565 1434 1624; x_wconf 85' lang='lat' dir='ltr'>praesenti</span> <span class='ocrx_word' id='word_1_148' title='bbox 1462 1565 1534 1608; x_wconf 90' lang='lat' dir='ltr'>de-</span> 
     </span>
     <span class='ocr_line' id='line_1_19' title="bbox 231 1644 1536 1699; baseline 0 -11"><span class='ocrx_word' id='word_1_149' title='bbox 231 1645 349 1698; x_wconf 85' lang='lat' dir='ltr'>finit,</span> <span class='ocrx_word' id='word_1_150' title='bbox 383 1660 550 1687; x_wconf 79' lang='lat' dir='ltr'><strong>MATTH.</strong></span> <span class='ocrx_word' id='word_1_151' title='bbox 576 1645 644 1699; x_wconf 85' lang='lat' dir='ltr'>X,</span> <span class='ocrx_word' id='word_1_152' title='bbox 679 1645 749 1688; x_wconf 87' lang='lat'>26.</span> <span class='ocrx_word' id='word_1_153' title='bbox 784 1646 903 1689; x_wconf 74' lang='grc' dir='ltr'><em>οὐδὲν</em></span> <span class='ocrx_word' id='word_1_154' title='bbox 933 1648 1016 1688; x_wconf 78' lang='grc' dir='ltr'><strong><em>ἐστι</em></strong></span> <span class='ocrx_word' id='word_1_155' title='bbox 1045 1644 1376 1699; x_wconf 75' lang='grc' dir='ltr'><strong><em>κεκαλυμμένον,</em></strong></span> <span class='ocrx_word' id='word_1_156' title='bbox 1409 1645 1432 1686; x_wconf 83' lang='grc' dir='ltr'><em>ὃ</em></span> <span class='ocrx_word' id='word_1_157' title='bbox 1462 1644 1536 1688; x_wconf 78' lang='grc' dir='ltr'>οὐκ</span> 
     </span>
     <span class='ocr_line' id='line_1_20' title="bbox 230 1723 1534 1780; baseline -0.002 -12"><span class='ocrx_word' id='word_1_158' title='bbox 230 1725 633 1779; x_wconf 73' lang='grc' dir='ltr'>ἀποκαλυφθήσεται.</span> <span class='ocrx_word' id='word_1_159' title='bbox 712 1724 918 1765; x_wconf 88' lang='lat' dir='ltr'>»Dictum</span> <span class='ocrx_word' id='word_1_160' title='bbox 974 1724 1239 1780; x_wconf 85' lang='lat' dir='ltr'>proverbiale</span> <span class='ocrx_word' id='word_1_161' title='bbox 1293 1723 1346 1764; x_wconf 84' lang='lat' dir='ltr'>ad</span> <span class='ocrx_word' id='word_1_162' title='bbox 1392 1724 1534 1765; x_wconf 87' lang='lat' dir='ltr'>salutis</span> 
     </span>
     <span class='ocr_line' id='line_1_21' title="bbox 229 1799 1532 1859; baseline -0.002 -14"><span class='ocrx_word' id='word_1_163' title='bbox 229 1802 494 1845; x_wconf 83' lang='lat' dir='ltr'>»doctrinam</span> <span class='ocrx_word' id='word_1_164' title='bbox 517 1801 712 1859; x_wconf 84' lang='lat' dir='ltr'>restringi</span> <span class='ocrx_word' id='word_1_165' title='bbox 741 1799 888 1854; x_wconf 82' lang='lat' dir='ltr'>debet,</span> <span class='ocrx_word' id='word_1_166' title='bbox 922 1816 1048 1857; x_wconf 88' lang='lat' dir='ltr'>quam</span> <span class='ocrx_word' id='word_1_167' title='bbox 1080 1816 1283 1842; x_wconf 75' lang='lat' dir='ltr'>cnmsrus</span> <span class='ocrx_word' id='word_1_168' title='bbox 1312 1801 1532 1842; x_wconf 90' lang='lat' dir='ltr'>victricem</span> 
     </span>
     <span class='ocr_line' id='line_1_22' title="bbox 228 1877 1532 1939; baseline 0 -20"><span class='ocrx_word' id='word_1_169' title='bbox 228 1881 350 1923; x_wconf 79' lang='lat' dir='ltr'>»fore</span> <span class='ocrx_word' id='word_1_170' title='bbox 374 1880 609 1939; x_wconf 82' lang='lat' dir='ltr'>promittit,</span> <span class='ocrx_word' id='word_1_171' title='bbox 648 1878 852 1936; x_wconf 88' lang='lat' dir='ltr'>quidquid</span> <span class='ocrx_word' id='word_1_172' title='bbox 882 1878 935 1920; x_wconf 85' lang='lat' dir='ltr'>ad</span> <span class='ocrx_word' id='word_1_173' title='bbox 967 1894 1060 1920; x_wconf 88' lang='lat' dir='ltr'>eam</span> <span class='ocrx_word' id='word_1_174' title='bbox 1086 1877 1411 1936; x_wconf 85' lang='lat' dir='ltr'>opprimendam</span> <span class='ocrx_word' id='word_1_175' title='bbox 1441 1894 1532 1920; x_wconf 87' lang='lat' dir='ltr'>ma-</span> 
     </span>
     <span class='ocr_line' id='line_1_23' title="bbox 229 1956 1535 2014; baseline 0.002 -17"><span class='ocrx_word' id='word_1_176' title='bbox 229 1959 479 2001; x_wconf 83' lang='lat' dir='ltr'>»chinentur</span> <span class='ocrx_word' id='word_1_177' title='bbox 508 1957 724 1999; x_wconf 70' lang='lat' dir='ltr'>homines⁹³</span> <span class='ocrx_word' id='word_1_178' title='bbox 755 1956 849 2014; x_wconf 84' lang='lat'>(5);</span> <span class='ocrx_word' id='word_1_179' title='bbox 896 1971 1059 1998; x_wconf 79' lang='lat' dir='ltr'><strong>MATTH.</strong></span> <span class='ocrx_word' id='word_1_180' title='bbox 1098 1956 1226 2009; x_wconf 87' lang='lat' dir='ltr'>XIX,</span> <span class='ocrx_word' id='word_1_181' title='bbox 1275 1956 1346 1998; x_wconf 85' lang='lat'>30.</span> <span class='ocrx_word' id='word_1_182' title='bbox 1389 1956 1535 1999; x_wconf 81' lang='grc' dir='ltr'><em>πολλοὶ</em></span> 
     </span>
     <span class='ocr_line' id='line_1_24' title="bbox 227 2035 1532 2094; baseline -0.005 -12"><span class='ocrx_word' id='word_1_183' title='bbox 227 2039 390 2083; x_wconf 71' lang='grc' dir='ltr'><em>ἔσονται</em></span> <span class='ocrx_word' id='word_1_184' title='bbox 419 2040 571 2094; x_wconf 81' lang='grc' dir='ltr'><em>πρῶτοι</em></span> <span class='ocrx_word' id='word_1_185' title='bbox 598 2037 759 2093; x_wconf 71' lang='grc' dir='ltr'><strong><em>ἔσχατοι</em></strong></span> <span class='ocrx_word' id='word_1_186' title='bbox 784 2052 852 2077; x_wconf 84' lang='grc' dir='ltr'>και</span> <span class='ocrx_word' id='word_1_187' title='bbox 879 2036 1041 2092; x_wconf 74' lang='grc' dir='ltr'><em>ἔσχατοι</em></span> <span class='ocrx_word' id='word_1_188' title='bbox 1067 2038 1232 2091; x_wconf 81' lang='grc' dir='ltr'><strong>πρῶτοι.</strong></span> <span class='ocrx_word' id='word_1_189' title='bbox 1293 2035 1532 2077; x_wconf 79' lang='lat' dir='ltr'>»CHRISTUS</span> 
     </span>
     <span class='ocr_line' id='line_1_25' title="bbox 229 2113 1534 2174; baseline -0.002 -15"><span class='ocrx_word' id='word_1_190' title='bbox 229 2131 350 2171; x_wconf 70' lang='lat' dir='ltr'>neos,</span> <span class='ocrx_word' id='word_1_191' title='bbox 383 2116 454 2174; x_wconf 85' lang='lat' dir='ltr'>qui</span> <span class='ocrx_word' id='word_1_192' title='bbox 483 2117 595 2158; x_wconf 90' lang='lat' dir='ltr'>bene</span> <span class='ocrx_word' id='word_1_193' title='bbox 623 2124 855 2174; x_wconf 87' lang='lat' dir='ltr'>coeperunt</span> <span class='ocrx_word' id='word_1_194' title='bbox 885 2113 939 2156; x_wconf 88' lang='lat' dir='ltr'>ad</span> <span class='ocrx_word' id='word_1_195' title='bbox 967 2124 1135 2157; x_wconf 86' lang='lat' dir='ltr'>strenue</span> <span class='ocrx_word' id='word_1_196' title='bbox 1157 2113 1419 2173; x_wconf 86' lang='lat' dir='ltr'>pergendum</span> <span class='ocrx_word' id='word_1_197' title='bbox 1437 2115 1534 2157; x_wconf 90' lang='lat' dir='ltr'>hor-</span> 
     </span>
    </p>
   </div>
   <div class='ocr_carea' id='block_1_3' title="bbox 266 2306 1540 2628">
    <p class='ocr_par' dir='ltr' id='par_1_4' title="bbox 266 2306 1540 2395">
     <span class='ocr_line' id='line_1_26' title="bbox 266 2306 1540 2350; baseline 0 -11"><span class='ocrx_word' id='word_1_198' title='bbox 266 2306 322 2350; x_wconf 91' lang='lat'>(1)</span> <span class='ocrx_word' id='word_1_199' title='bbox 347 2308 410 2341; x_wconf 84' lang='lat' dir='ltr'>Cff.</span> <span class='ocrx_word' id='word_1_200' title='bbox 427 2316 512 2338; x_wconf 73' lang='lat' dir='ltr'>Bru</span> <span class='ocrx_word' id='word_1_201' title='bbox 530 2329 540 2346; x_wconf 88' lang='lat'>,</span> <span class='ocrx_word' id='word_1_202' title='bbox 565 2316 756 2346; x_wconf 71' lang='lat' dir='ltr'>mscnox,</span> <span class='ocrx_word' id='word_1_203' title='bbox 781 2316 956 2346; x_wconf 70' lang='lat' dir='ltr'>annuus,</span> <span class='ocrx_word' id='word_1_204' title='bbox 972 2316 1148 2346; x_wconf 71' lang='lat' dir='ltr'>Rumon,</span> <span class='ocrx_word' id='word_1_205' title='bbox 1172 2315 1302 2345; x_wconf 68' lang='lat' dir='ltr'>mcxx,</span> <span class='ocrx_word' id='word_1_206' title='bbox 1331 2315 1487 2339; x_wconf 74' lang='lat' dir='ltr'>ruozucx</span> <span class='ocrx_word' id='word_1_207' title='bbox 1501 2307 1540 2339; x_wconf 78' lang='lat' dir='ltr'>et</span> 
     </span>
     <span class='ocr_line' id='line_1_27' title="bbox 354 2362 726 2395; baseline -0.003 0"><span class='ocrx_word' id='word_1_208' title='bbox 354 2372 548 2395; x_wconf 68' lang='lat' dir='ltr'>ozsmnsmv</span> <span class='ocrx_word' id='word_1_209' title='bbox 573 2362 615 2394; x_wconf 84' lang='lat' dir='ltr'>ad</span> <span class='ocrx_word' id='word_1_210' title='bbox 638 2362 675 2394; x_wconf 89' lang='lat' dir='ltr'>h.</span> <span class='ocrx_word' id='word_1_211' title='bbox 700 2362 726 2395; x_wconf 88' lang='lat' dir='ltr'>l.</span> 
     </span>
    </p>

    <p class='ocr_par' dir='ltr' id='par_1_5' title="bbox 268 2418 807 2462">
     <span class='ocr_line' id='line_1_28' title="bbox 268 2418 807 2462; baseline -0.002 -11"><span class='ocrx_word' id='word_1_212' title='bbox 268 2420 325 2462; x_wconf 80' lang='lat'>(2)</span> <span class='ocrx_word' id='word_1_213' title='bbox 349 2419 415 2451; x_wconf 86' lang='lat' dir='ltr'>Cff.</span> <span class='ocrx_word' id='word_1_214' title='bbox 439 2427 633 2450; x_wconf 64' lang='lat' dir='ltr'>ozsnAusmt</span> <span class='ocrx_word' id='word_1_215' title='bbox 657 2418 698 2450; x_wconf 84' lang='lat' dir='ltr'>ad</span> <span class='ocrx_word' id='word_1_216' title='bbox 721 2418 758 2449; x_wconf 90' lang='lat' dir='ltr'>h.</span> <span class='ocrx_word' id='word_1_217' title='bbox 782 2418 807 2452; x_wconf 91' lang='lat' dir='ltr'>l.</span> 
     </span>
    </p>

    <p class='ocr_par' dir='ltr' id='par_1_6' title="bbox 269 2473 1257 2518">
     <span class='ocr_line' id='line_1_29' title="bbox 269 2473 1257 2518; baseline -0.002 -11"><span class='ocrx_word' id='word_1_218' title='bbox 269 2476 324 2518; x_wconf 87' lang='lat'>(3)</span> <span class='ocrx_word' id='word_1_219' title='bbox 349 2475 411 2507; x_wconf 84' lang='lat' dir='ltr'>eff.</span> <span class='ocrx_word' id='word_1_220' title='bbox 435 2483 626 2513; x_wconf 68' lang='lat' dir='ltr'>usu-ron,</span> <span class='ocrx_word' id='word_1_221' title='bbox 655 2484 806 2505; x_wconf 76' lang='lat' dir='ltr'>mmmm.</span> <span class='ocrx_word' id='word_1_222' title='bbox 830 2475 866 2506; x_wconf 80' lang='lat' dir='ltr'>et</span> <span class='ocrx_word' id='word_1_223' title='bbox 891 2484 1082 2507; x_wconf 68' lang='lat' dir='ltr'>otsnnssmv</span> <span class='ocrx_word' id='word_1_224' title='bbox 1107 2473 1149 2506; x_wconf 78' lang='lat' dir='ltr'>ad</span> <span class='ocrx_word' id='word_1_225' title='bbox 1172 2474 1208 2506; x_wconf 89' lang='lat' dir='ltr'>h.</span> <span class='ocrx_word' id='word_1_226' title='bbox 1233 2474 1257 2505; x_wconf 96' lang='lat' dir='ltr'>l.</span> 
     </span>
    </p>

    <p class='ocr_par' dir='ltr' id='par_1_7' title="bbox 276 2528 1538 2573">
     <span class='ocr_line' id='line_1_30' title="bbox 276 2528 1538 2573; baseline 0.002 -12"><span class='ocrx_word' id='word_1_227' title='bbox 276 2529 330 2573; x_wconf 82' lang='lat'>(4)</span> <span class='ocrx_word' id='word_1_228' title='bbox 355 2530 417 2563; x_wconf 85' lang='lat' dir='ltr'>Cff.</span> <span class='ocrx_word' id='word_1_229' title='bbox 435 2539 583 2562; x_wconf 73' lang='lat' dir='ltr'>cnonas</span> <span class='ocrx_word' id='word_1_230' title='bbox 596 2550 606 2569; x_wconf 83' lang='lat'><strong><em>‚</em></strong></span> <span class='ocrx_word' id='word_1_231' title='bbox 633 2540 785 2561; x_wconf 71' lang='lat' dir='ltr'>Rumon</span> <span class='ocrx_word' id='word_1_232' title='bbox 798 2551 809 2570; x_wconf 81' lang='lat'>‚</span> <span class='ocrx_word' id='word_1_233' title='bbox 834 2540 964 2569; x_wconf 66' lang='lat' dir='ltr'>Lucu,</span> <span class='ocrx_word' id='word_1_234' title='bbox 983 2540 1137 2562; x_wconf 69' lang='lat' dir='ltr'>nowen</span> <span class='ocrx_word' id='word_1_235' title='bbox 1152 2532 1186 2561; x_wconf 82' lang='lat' dir='ltr'>et</span> <span class='ocrx_word' id='word_1_236' title='bbox 1202 2540 1395 2562; x_wconf 71' lang='lat' dir='ltr'>otsnAusEn</span> <span class='ocrx_word' id='word_1_237' title='bbox 1409 2529 1449 2562; x_wconf 81' lang='lat' dir='ltr'>ad</span> <span class='ocrx_word' id='word_1_238' title='bbox 1464 2528 1499 2562; x_wconf 82' lang='lat' dir='ltr'>h.</span> <span class='ocrx_word' id='word_1_239' title='bbox 1512 2529 1538 2564; x_wconf 90' lang='lat' dir='ltr'>l.</span> 
     </span>
    </p>

    <p class='ocr_par' dir='ltr' id='par_1_8' title="bbox 271 2584 1463 2628">
     <span class='ocr_line' id='line_1_31' title="bbox 271 2584 1463 2628; baseline 0.002 -11"><span class='ocrx_word' id='word_1_240' title='bbox 271 2585 326 2628; x_wconf 84' lang='lat'>(5)</span> <span class='ocrx_word' id='word_1_241' title='bbox 351 2584 419 2619; x_wconf 84' lang='lat' dir='ltr'>Cff.</span> <span class='ocrx_word' id='word_1_242' title='bbox 445 2597 633 2626; x_wconf 71' lang='lat' dir='ltr'>rrscuon,</span> <span class='ocrx_word' id='word_1_243' title='bbox 662 2597 833 2626; x_wconf 68' lang='lat' dir='ltr'>cnonas,</span> <span class='ocrx_word' id='word_1_244' title='bbox 861 2596 1012 2619; x_wconf 62' lang='lat' dir='ltr'>Rumori.</span> <span class='ocrx_word' id='word_1_245' title='bbox 1037 2588 1072 2628; x_wconf 77' lang='lat' dir='ltr'>et</span> <span class='ocrx_word' id='word_1_246' title='bbox 1097 2595 1283 2619; x_wconf 72' lang='lat' dir='ltr'>rmrzscnss</span> <span class='ocrx_word' id='word_1_247' title='bbox 1309 2585 1350 2618; x_wconf 83' lang='lat' dir='ltr'>ad</span> <span class='ocrx_word' id='word_1_248' title='bbox 1374 2585 1411 2620; x_wconf 87' lang='lat' dir='ltr'>h.</span> <span class='ocrx_word' id='word_1_249' title='bbox 1437 2585 1463 2619; x_wconf 87' lang='lat' dir='ltr'>i.</span> 
     </span>
    </p>
   </div>
  </div>
 </body>
</html>
