1711 3047
857 258 903 294 ⁹1

858 282 881 294 Η

822 367 914 420 §2-

299 532 422 569 Potest
461 530 716 582 Emphyteuta
758 529 905 582 praedii
943 530 1102 567 formam
1137 538 1281 567 mutare
1319 538 1431 579 atque
1469 528 1517 566 de

247 614 328 663 ejus
368 612 580 650 substantia
613 612 732 649 libere
764 611 994 663 disponere,
1029 611 1081 648 ita
1110 619 1262 658 tamen,
1291 620 1332 648 ut
1358 618 1518 657 caveat,

249 707 296 731 ne
324 693 415 731 inde
437 693 582 731 fundus
603 693 770 731 deterior
790 692 855 730 fiat
869 722 879 740 ,
907 692 1087 743 quoniam
1114 691 1185 729 hoc
1208 701 1284 729 tam
1305 699 1523 728 contractus

247 775 366 826 ipsius
386 785 543 812 naturae
558 775 841 822 adversaretur,
861 788 974 825 quam
989 773 1198 811 molestiam
1213 771 1388 819 domino,
1412 771 1523 808 finito

246 856 639 907 Emphyteutaejure,
660 856 819 893 afferret.
850 856 907 893 Ita
922 864 1044 907 potest
1069 869 1100 892 e.
1123 868 1156 906 g.
1177 867 1307 905 agrum
1321 854 1362 890 in
1375 861 1522 905 pratam

244 944 414 982 mutare,
442 935 658 985 similiaque
685 936 834 984 facere3
866 950 944 973 non
966 949 1058 973 vero
1079 936 1114 972 ei
1141 935 1291 972 licitum
1318 944 1396 972 erat
1412 964 1422 982 ,
1451 934 1521 971 sal-

245 1025 319 1054 tem
364 1016 575 1054 secundum
619 1016 688 1054 Jus
735 1018 949 1055 Romanum
1000 1025 1037 1053 et
1075 1016 1245 1053 Patrium
1284 1015 1495 1066 Antiquum
1510 1045 1521 1063 ,

243 1111 290 1135 ex
324 1112 411 1150 agro
453 1097 738 1150 emphyteutico
780 1106 919 1135 terram
957 1096 1113 1134 fictilem
1152 1105 1216 1134 aut
1256 1096 1522 1135 combustilem

243 1179 429 1227 effodere,
468 1180 549 1218 sive
586 1178 819 1231 lapicidinas
856 1187 921 1216 aut
958 1177 1262 1216 metallifodinas
1294 1178 1519 1226 instituere;

242 1260 347 1311 quod
378 1261 493 1299 hodie
517 1262 606 1311 jure
642 1274 742 1299 novo
774 1259 1003 1312 generaliter
1043 1260 1156 1297 etiam
1192 1260 1226 1297 ei
1262 1261 1425 1298 vetitum
1453 1269 1519 1298 est.

244 1342 291 1380 In
318 1355 361 1381 eo
388 1356 477 1380 casu
501 1351 627 1380 tamen
654 1341 934 1394 Emphyteutae
960 1340 1003 1379 id
1028 1355 1248 1379 concessum
1276 1351 1352 1390 est,
1378 1343 1429 1390 si,
1449 1355 1522 1378 an—

241 1432 392 1474 tequam
408 1425 495 1474 jure
523 1438 589 1461 suo
609 1424 907 1475 Emphyteutico
936 1431 1131 1471 uteretur,
1160 1422 1339 1461 dominus
1362 1424 1441 1473 jam
1468 1423 1521 1461 ef·

242 1504 371 1543 fodere
385 1505 601 1556 incepisset.
621 1503 658 1555 l)
680 1505 790 1542 Tunc
810 1505 933 1552 enim,
961 1517 1034 1542 sec.
1051 1505 1148 1542 Doct
1170 1505 1391 1553 Tollens,
1417 1518 1435 1538 ι(
1451 1504 1520 1543 do-

244 1599 261 1618 «
280 1586 406 1622 minus
427 1585 642 1623 censendus
663 1594 717 1623 est
738 1585 897 1624 eandem
931 1585 1136 1623 utilitatem
1157 1586 1198 1623 in
1222 1586 1520 1638 Emphyteutam

245 1667 512 1714 «contulisse,
545 1676 656 1718 atque
690 1667 739 1705 ad
767 1667 872 1704 hunc
909 1670 1018 1704 usum
1053 1680 1184 1718 agrum
1211 1667 1512 1706 destinavisse.»

239 1750 299 1785 An
327 1762 417 1785 vero
442 1748 669 1786 indistincte
697 1747 984 1786 assentiendum
1009 1747 1157 1796 eidem,
1194 1748 1380 1787 addenti:
1413 1763 1431 1783 «
1448 1764 1519 1788 ne-

245 1843 351 1880 «que
391 1828 469 1866 dici
507 1839 621 1881 queat
658 1829 918 1882 Emphyteuta
957 1839 1076 1877 tunc,
1114 1830 1175 1868 his
1217 1831 1521 1881 continuandis,

245 1925 264 1945 «
281 1911 447 1949 fundum
473 1911 700 1949 deteriorem
722 1911 902 1959 reddere,
925 1926 1012 1950 cum
1033 1926 1075 1950 eo
1095 1921 1245 1950 tantum
1265 1912 1378 1951 modo
1399 1914 1521 1951 utitur

245 1994 440 2041 «fruitur,
479 2008 554 2043 quo
588 1993 768 2030 dominus
801 1994 881 2044 ipse
916 2003 1003 2031 ante
1025 2007 1110 2030 eum
1145 2008 1233 2031 usus
1264 2003 1371 2042 est,»
1393 1993 1434 2045 2)
1478 1996 1520 2032 in

241 2074 405 2111 dubium
432 2074 558 2111 vocari
586 2083 718 2124 potest.
752 2075 915 2112 Minime
942 2083 1068 2112 autem
1093 2074 1256 2122 dubito,
1284 2076 1380 2127 quin
1407 2091 1521 2128 prae—

239 2155 372 2201 dium,
410 2156 519 2203 cujus
553 2154 731 2193 dominus
772 2157 853 2205 jam
887 2156 1044 2193 initium
1082 2157 1216 2194 fecerit
1248 2166 1368 2195 terrae
1407 2172 1516 2195 eom-

240 2236 394 2274 bustilis
421 2236 628 2274 effodiendi
643 2266 653 2284 ,
685 2252 833 2289 quoque
859 2237 1115 2289 Emphyteuta
1140 2252 1207 2290 per
1233 2238 1393 2290 longum
1418 2249 1517 2277 tem-

236 2331 306 2369 pus
338 2318 470 2356 eodem
506 2318 617 2356 modo
658 2333 745 2357 usus
782 2319 926 2367 fuerit,
966 2318 1013 2357 de
1055 2320 1119 2358 die
1159 2321 1200 2359 in
1230 2319 1333 2359 diem
1363 2321 1514 2360 vilioris

286 2512 318 2553 1)
366 2514 412 2546 Cf.
438 2525 465 2544 a.
493 2513 571 2546 768.
599 2516 675 2546 Cod.
703 2516 770 2546 Civ.
798 2514 888 2554 Belg.

291 2574 324 2613 2)
375 2576 424 2607 (Ὗ.
453 2577 608 2617 Tollens‚
635 2578 711 2608 diss.
740 2577 826 2610 laud.
854 2588 928 2618 pag,
954 2577 1007 2608 78.
