1711 3047
877 149 934 192 70

268 288 436 346 pliciter
471 299 515 330 et
545 299 743 333 accurate
783 290 1054 349 explicuisse3
1097 303 1353 353 quapropter
1390 294 1445 336 ab
1480 295 1562 337 hac

271 367 399 408 etiam
439 377 560 426 parte
604 368 858 412 celebranda
890 381 987 412 sunt
1025 372 1111 427 ejus
1153 373 1327 428 merita,
1370 383 1418 415 ut
1455 372 1563 415 adeo

273 445 414 486 minus
452 456 570 489 recte
607 447 839 490 contendat
884 448 947 490 Cl.
990 464 1195 492 'rfloLucx
1221 451 1316 510 (1),
1367 451 1565 494 locorum

272 523 574 581 parallelorum
616 526 890 580 collationem
927 542 952 570 a
984 538 1132 571 nostro
1179 528 1427 588 plerumque
1477 544 1565 572 esse

271 601 522 661 neglectam.

864 761 971 825 §4

462 918 751 961 Grammatioa
775 928 817 962 et
831 920 1009 978 figurae
1044 920 1371 963 Grammaticae.

330 1073 537 1131 Reliqua,
577 1089 682 1132 quae
711 1075 926 1133 usurpavit
946 1089 1153 1118 CALvmus
1187 1075 1487 1133 grammaticae
1503 1075 1568 1116 in·

270 1153 585 1210 terpretationis
617 1152 823 1207 subsidia,
861 1153 1089 1195 commode
1119 1152 1269 1194 referri
1304 1163 1481 1209 possunt
1513 1151 1569 1194 ad

272 1228 578 1271 Grammatices
602 1240 646 1271 et
674 1229 900 1288 figurarum
926 1229 1306 1272 Grammaticarum
1330 1244 1473 1283 usum,
1513 1228 1569 1271 ad

269 1307 438 1366 linguae
474 1308 697 1351 Hebraeae
725 1319 768 1352 et
800 1308 853 1351 V.
886 1308 937 1351 F.
966 1309 1191 1362 notitiam,
1226 1307 1280 1351 de
1307 1308 1457 1365 quibus
1484 1308 1570 1350 sin-

269 1386 442 1444 gulatim
471 1385 674 1430 dicemus.

330 1463 506 1505 Praeter
533 1466 643 1520 ejus,
679 1479 804 1521 quem
827 1467 916 1520 jam
938 1465 983 1506 in
1003 1466 1287 1523 superioribus
1306 1464 1569 1508 animadver-

272 1541 423 1595 timus,
457 1542 762 1584 Grammaticos
787 1558 929 1596 usum‚
962 1544 1085 1599 hujus
1108 1542 1353 1585 adminiculi
1375 1543 1570 1584 notitiam

273 1619 328 1662 ad
374 1621 455 1663 alia
497 1620 689 1663 adhibuit
732 1621 861 1676 loca,
907 1637 930 1663 e
976 1622 1124 1679 quibus
1165 1632 1282 1680 patet
1322 1637 1421 1663 eum
1454 1621 1572 1663 recta

273 1698 552 1741 dialectorum
583 1699 841 1741 Graecarum
874 1700 1026 1742 notitia
1051 1700 1178 1743 fuisse
1205 1701 1436 1754 imbutum,
1465 1715 1503 1742 e.
1528 1714 1567 1741 c.

274 1792 375 1819 Luc,
395 1776 494 1829 VII,
524 1778 596 1834 47.
625 1777 831 1831 ἀφέωνται
862 1778 1032 1819 »Attico
1056 1793 1176 1819 more
1201 1778 1384 1834 positum
1409 1787 1470 1818 est
1489 1791 1570 1834 pro

273 1854 592 1913 οἷφεῒνται”(2);
627 1870 808 1912 eumque
831 1855 1044 1897 variorum
1071 1865 1309 1913 temporum
1338 1854 1423 1896 vim
1451 1869 1571 1895 accu-

272 1943 363 1975 rate
389 1934 574 1987 novisse,
606 1949 644 1976 e.
678 1949 718 1976 c.
745 1949 844 1975 Luc.
867 1934 909 1985 Ι,
951 1948 1017 1989 19.
1049 1936 1074 1976 ὁ
1103 1936 1359 1989 παρεστηκώς
1394 1936 1571 1977 ἐνώπιον

272 2016 343 2055 τοῦ
374 2017 472 2054 θεοῦ
514 2011 811 2069 »participium
844 2012 1048 2068 temporis
1086 2011 1322 2069 praeteriti,
1352 2011 1427 2052 ubi
1456 2020 1572 2052 actus

274 2090 528 2132 »continuus
551 2088 782 2143 indicatur,
821 2090 1050 2147 praesentis
1074 2090 1195 2131 loco''
1222 2089 1312 2148 (3);
1349 2104 1445 2131 Luc·
1465 2088 1568 2142 VII,

277 2168 350 2226 37.
376 2171 462 2222 ἣτις
489 2166 540 2222 ἦν
565 2168 819 2223 ἁμαρτωλὸς,
850 2181 1042 2209 »ERASMO
1072 2167 1231 2226 placuit
1259 2178 1424 2225 tempus
1453 2166 1572 2209 verbi

317 2349 370 2391 (1)
396 2348 452 2380 Im
475 2348 570 2381 Lite.
596 2348 792 2389 Anzet'qer,
821 2346 921 2379 1831.
947 2347 1006 2379 ΝΟ.
1031 2346 1090 2379 42.

314 2405 367 2448 (2)
391 2406 452 2437 Cff.
480 2414 655 2443 Rumon,
683 2414 715 2435 v.
741 2415 775 2437 n.
798 2414 886 2435 nrm
909 2407 943 2435 et
967 2413 1160 2435 orsinusmr
1185 2402 1226 2435 ad
1246 2402 1282 2434 h.
1306 2403 1331 2436 l.
1379 2402 1440 2434 nic
1460 2401 1581 2434 Dorice

398 2461 446 2491 ita
466 2459 594 2490 dictum
616 2469 688 2491 esse
709 2462 808 2502 putat
832 2459 874 2491 ad
896 2469 1027 2491 mum.
1042 2460 1102 2500 IX,
1123 2460 1158 2492 3.
1192 2461 1260 2492 Con
1270 2460 1295 2494 f.
1319 2469 1435 2491 πιπτει
1451 2459 1580 2491 Gram-

398 2516 511 2548 maiik
534 2517 567 2548 S.
595 2514 652 2548 74.

313 2571 365 2614 (3)
390 2573 452 2604 Cff.
480 2581 562 2602 ΒΗΑ
589 2571 631 2603 ad
654 2571 691 2604 h.
717 2571 743 2602 l.
768 2574 803 2604 et
829 2582 944 2603 πιπτει(
970 2572 996 2608 l.
1021 2571 1045 2604 l.
1074 2571 1106 2603 S.
1134 2571 1213 2602 228.
