1711 3047
906 223 985 264 116

298 362 458 421 aliquos
483 362 536 406 ad
557 378 776 406 CHRISTUM
800 361 1005 419 adducat3
1035 366 1204 423 ejusque
1226 367 1528 412 humanitatem
1547 370 1591 412 in

297 457 351 483 eo
382 441 620 484 elucescere
650 440 775 496 dicit,
809 443 908 485 Act.
939 443 1064 498 XXI,
1100 444 1168 486 26.
1201 446 1317 502 quod
1344 463 1432 489 non
1460 448 1592 490 modo

294 518 340 560 in
374 521 551 578 gratiam
581 521 801 578 imperitae
831 521 965 579 plebis
990 523 1170 564 comiter
1199 539 1242 565 se
1272 524 1484 581 demittit,
1517 527 1592 569 sed

294 613 444 639 eorum
467 599 668 641 stultitiae
687 615 851 642 morem
872 601 999 659 gerit,
1024 602 1177 658 quibus
1191 602 1364 661 indigne
1381 616 1424 647 et
1445 616 1596 647 contra

292 677 502 718 rationem
540 689 753 735 suspectus
789 679 940 721 fuerat.
1003 679 1122 721 Alibi
1158 680 1433 724 affectionum
1466 684 1595 725 animi

294 768 462 796 causam
497 765 539 796 et
565 755 728 798 fontem
753 767 869 799 recte
898 758 1058 800 indicat
1084 774 1122 801 e.
1153 775 1193 817 g.
1219 761 1401 818 stuporis
1426 777 1590 805 MATTH.

291 832 395 873 XIII
402 864 416 884 ,
440 832 511 885 54.
541 835 752 879 ἐδίδασκεν
775 837 919 886 αὐτούς
941 840 985 881 ἐν
1009 842 1062 893 τῇ
1085 844 1301 895 συναγωγῇ
1318 841 1470 893 αὐτῶν,
1491 841 1591 890 ὥςτε

289 912 584 966 ἐκπλήττεσθαι
601 915 758 970 αὐτούς,
780 925 973 973 »stupent
986 917 1046 957 rei
1062 918 1251 958 novitate
1265 918 1461 975 perculsi,
1480 918 1594 976 quod

289 1005 519 1032 »CHRISTUS
531 1022 542 1044 ,
557 993 628 1048 qui
640 993 783 1034 literas
795 1009 883 1035 non
900 992 1126 1049 didicerat,
1139 994 1214 1036 sed
1230 1011 1253 1036 a
1269 997 1448 1053 pueritia
1463 1012 1592 1054 usque

285 1068 362 1109 »ad
379 1069 544 1111 virilem
563 1081 745 1112 aetatem
761 1082 945 1113 versatus
965 1083 1055 1113 erat
1070 1073 1115 1113 in
1132 1074 1384 1115 mechanico
1401 1074 1588 1132 opificio,

283 1157 446 1188 »tantus
480 1149 534 1189 sit
572 1147 726 1190 doctor
757 1164 808 1190 ac
842 1148 1027 1190 divinam
1060 1151 1308 1207 sapientiam
1335 1152 1464 1209 spiret
1478 1151 1516 1205 ;”
1544 1162 1588 1194 et

280 1238 499 1265 emus'rnM
524 1236 752 1282 propterea
777 1236 998 1266 commoto
1027 1227 1170 1267 animo
1195 1226 1249 1267 ad
1273 1242 1427 1268 LAZAm
1451 1229 1587 1286 sepul-

282 1303 430 1344 chrum
460 1303 620 1344 stetisse
649 1318 773 1346 JOAN.
800 1303 886 1357 XI,
924 1302 996 1346 38.
1036 1304 1160 1361 »quia
1182 1319 1271 1346 non
1297 1304 1461 1347 accedit
1485 1316 1591 1348 tam-

279 1395 431 1437 »quam
450 1381 607 1422 otiosus
624 1392 859 1439 spectator,
875 1380 949 1423 sed
963 1382 1136 1435 athleta,
1157 1383 1227 1439 qui
1244 1398 1288 1425 se
1304 1382 1357 1425 ad
1372 1395 1586 1427 certamen

279 1458 510 1502 »instruit.’'
572 1459 787 1501 Infensum
810 1460 936 1502 fuisse
954 1460 1090 1518 Tyriis
1112 1471 1154 1502 et
1173 1460 1358 1503 Sidoniis
1377 1477 1588 1505 HERODEM

276 1548 425 1579 monet
455 1538 551 1580 Act.
580 1538 681 1592 XII,
715 1554 782 1593 2.,
819 1539 916 1596 quia
944 1538 1078 1597 Tyrus
1112 1549 1155 1581 et
1186 1539 1342 1593 Sidon,
1380 1540 1586 1597 quaedam

278 1617 409 1658 veluti
433 1617 636 1676 repagula
661 1618 835 1660 fuerunt
867 1617 920 1660 ad
951 1617 1235 1660 cohibendam
1265 1621 1351 1675 ejus
1383 1619 1588 1677 intempe—

277 1697 405 1748 riem,
437 1707 485 1737 ut
516 1707 637 1738 erant
668 1697 793 1738 urbes
828 1696 1053 1754 opulentae
1086 1707 1127 1738 et
1161 1695 1338 1738 ferendo
1366 1699 1468 1755 jugo
1498 1713 1585 1739 non

278 1784 477 1815 assuetae.
542 1775 605 1814 Ita
639 1775 858 1815 avaritiam
893 1773 1022 1815 docet
1058 1790 1145 1815 esse
1178 1790 1345 1816 causam
1382 1791 1583 1817 excoeca-

277 1852 432 1905 tionis,
463 1867 544 1908 qua
575 1850 723 1892 ductus
753 1851 833 1892 fuit
859 1865 1009 1904 Juniis,
1040 1866 1139 1892 Luc.
1174 1851 1315 1904 XXII,
1353 1851 1392 1893 3.
1423 1852 1582 1905 εἷσῆλθε

275 1932 320 1974 δὲ
350 1937 529 1980 σατανᾶς
553 1933 607 1979 εἰς
633 1930 800 1974 Ἰούδαν
809 1948 825 1982 ,-
843 1929 903 1970 uti
919 1939 961 1970 et
978 1943 1222 1969 DEMETRIUS
1241 1930 1338 1970 Act.
1354 1929 1477 1983 XIX,
1503 1933 1576 1981 24.

275 2009 367 2051 Nec
387 2024 474 2050 non
492 2008 592 2065 quid
607 2009 660 2049 sit
672 2008 718 2049 in
730 2007 1035 2049 nonnullorum
1052 2006 1346 2049 affectionibus
1362 2006 1579 2062 vitiosum,

275 2099 317 2130 et
352 2103 435 2146 quo
470 2089 612 2129 animo
641 2102 729 2129 esse
761 2087 932 2140 deceat,
959 2086 1151 2144 apposite
1183 2087 1378 2128 observat
1409 2101 1575 2129 MATTH.

272 2166 396 2220 XIV,
440 2167 511 2208 28.
544 2171 676 2222 κύριε,
709 2169 745 2208 εἴ
776 2169 822 2210 σύ
854 2162 908 2219 εἶ,
945 2165 1130 2209 κελευσόν
1165 2183 1202 2207 κ.
1223 2182 1259 2207 τ.
1277 2165 1314 2207 λ.
1376 2163 1578 2208 Nondum

273 2255 438 2286 matura
454 2255 543 2286 erat
561 2260 688 2286 amm
702 2243 818 2285 fides.
849 2243 949 2285 Sine
963 2242 1062 2285 fidei
1079 2244 1153 2284 alis
1169 2253 1329 2285 temere
1341 2242 1486 2284 volare
1500 2258 1576 2284 cu-

271 2322 356 2380 pit,
377 2332 420 2363 et
434 2336 562 2378 quum
575 2323 619 2362 in
636 2324 723 2377 ejus
742 2322 867 2362 corde
881 2324 1036 2377 justam
1054 2321 1296 2362 firmitatem
1312 2335 1399 2361 non
1416 2321 1572 2363 habeat

268 2415 351 2442 vox
365 2415 557 2454 cnmsn,
578 2415 703 2457 aquas
716 2400 793 2441 sub
802 2400 984 2458 pedibus
1002 2398 1156 2441 solidas
1169 2398 1259 2440 fieri
1277 2399 1409 2457 cupit.
1443 2399 1506 2440 Ita
1530 2410 1572 2442 et

269 2477 322 2520 de
341 2493 557 2520 zaanniA
581 2493 679 2522 LUC.
697 2479 732 2533 I,
759 2479 823 2521 18.
846 2482 950 2522 κατὰ
970 2481 1008 2521 τὶ
1027 2481 1232 2532 γνῶσομαι
1248 2481 1378 2522 τοῦτο.
1411 2478 1570 2520 »Causa

269 2576 285 2592 »
295 2555 555 2599 diffidentiae
582 2557 683 2612 fuit,
720 2557 835 2615 quod
864 2559 909 2600 in
935 2557 1084 2600 ordine
1119 2567 1292 2599 naturae
1319 2557 1566 2610 subsistens,

267 2651 364 2677 »Dm
396 2637 611 2693 potentiae
644 2637 781 2679 minus
814 2638 962 2680 tribuit
987 2652 1112 2694 quam
1145 2635 1338 2679 decebat.
1373 2659 1430 2667 —
1466 2635 1564 2678 Non
