1711 3047
789 197 845 237 95

171 339 417 382 »subveniat
446 353 680 396 pauperum
711 335 906 395 inopiae''
926 336 1017 394 (1),
1055 338 1150 380 Act.
1190 339 1271 391 ΠΙ,
1310 338 1376 381 16.
1406 340 1470 382 ἐπὶ

169 423 219 474 τῇ
245 419 378 461 πίστει
405 421 475 459 τοῦ
505 419 704 472 ὀνόματος
733 417 871 459 ἄντοῦ.
934 414 1065 458 »Fide
1096 416 1311 475 Evangelii
1343 417 1472 459 virtus

168 513 267 556 »per
285 496 582 555 synecdochen
603 494 968 539 commendatur.”
1015 495 1115 537 Non
1136 496 1273 537 minus
1295 507 1410 538 recte
1428 497 1473 537 in

167 581 430 632 metonymiis
448 574 684 617 indicandis
702 584 903 627 versatur,
924 589 962 616 e.
981 589 1021 618 c.
1038 589 1205 617 MATTH.
1220 575 1384 627 XXVI,
1403 576 1470 617 26.

166 658 281 698 τοῦτό
318 658 401 697 ἐστι
434 657 480 697 τὸ
516 657 631 707 σῶμα
665 670 767 708 μου,
806 652 894 694 »rei
930 652 1189 711 significatae
1226 669 1385 695 nomen
1421 652 1475 695 ad

167 734 359 791 »signum
392 731 660 774 transfertur'’
688 731 765 790 (2).
830 731 945 773 Alias
978 732 1106 774 etiam
1151 733 1347 774 observat
1379 747 1473 774 ora-

167 811 322 852 »tionis
364 810 546 869 figuras,
587 826 625 853 e.
663 826 703 853 c.
742 810 1022 868 hyperbolen,
1067 825 1232 853 MATTII.
1272 810 1360 865 VI,
1404 826 1471 868 17.

167 890 339 944 ἄλειψαί
359 905 429 933 σου
451 893 524 943 τὴν
548 889 742 944 κεφαλὴν.
791 889 913 930 »Hoc
936 890 1258 946 hyperbolicum
1279 900 1362 943 est,
1386 905 1475 931 non

169 970 308 1010 »enim
341 969 393 1010 ab
428 969 511 1009 una
540 969 681 1026 specie
706 968 980 1026 hypocriseos
1009 983 1087 1010 nos
1119 969 1316 1022 retrahit,
1349 979 1396 1009 ut
1429 970 1474 1009 in

166 1045 370 1086 »alteram
391 1044 619 1098 inducat3''
643 1047 747 1087 item
769 1047 855 1099 IX,
890 1046 956 1088 13.
985 1047 1178 1089 οὐδέποτε
1199 1050 1328 1101 ἐφάνη
1350 1048 1474 1096 οὕτως

166 1126 210 1168 ἐν
227 1128 284 1180 τῷ
302 1123 490 1180 Ἰσραήλ,
516 1123 774 1179 »majoribus
794 1124 907 1165 enim
928 1124 1139 1166 miraculis
1158 1125 1337 1183 gloriam
1356 1141 1474 1168 suam

165 1201 450 1260 »patefecerat
485 1217 592 1243 DEUS
622 1202 725 1243 olim
761 1202 806 1243 in
840 1203 1002 1260 populo
1038 1194 1165 1257 su0;’⁷⁵
1196 1220 1294 1246 Luc.
1325 1205 1390 1257 X,
1425 1208 1469 1257 4.

163 1281 322 1335 μηδένα
362 1282 468 1322 κατὰ
505 1283 581 1334 τὴν
623 1281 720 1324 ὁδὸν
759 1281 1007 1336 ἀσπάσησθε.
1069 1282 1316 1324 Antithesin
1352 1293 1473 1325 notat

163 1373 287 1401 JoAn.
317 1358 357 1412 I,
389 1373 456 1401 12.
487 1359 531 1399 in
562 1359 772 1416 particula
798 1361 1022 1402 universali
1045 1362 1155 1415 ὅσοις
1185 1362 1283 1405 Act.
1306 1363 1368 1416 X,
1399 1362 1471 1415 43.

164 1442 308 1492 ἄφεσιν
337 1439 548 1494 ἁμαρτιῶν
576 1437 719 1496 λαβεῖν
749 1457 788 1481 κ.
813 1456 850 1481 τ.
875 1438 912 1482 λ.
940 1439 1052 1481 inter
1082 1439 1227 1482 fideles
1257 1451 1300 1482 et
1323 1457 1468 1495 DEUM3

162 1516 267 1570 XII,
295 1531 338 1573 9.
367 1518 430 1559 ὅτι
456 1516 610 1571 ἀληθὲς
641 1519 748 1570 ἐστι,
777 1517 888 1558 inter
909 1533 1000 1558 rem
1017 1518 1151 1575 ipsam
1174 1529 1216 1560 et
1234 1519 1466 1574 visionem;

162 1594 380 1651 emphases
425 1609 549 1637 JOAN.
591 1595 632 1648 I,
676 1610 742 1638 11.
776 1599 830 1645 εἷς
861 1599 912 1638 τὰ
945 1597 1033 1640 ἰ’δια
1065 1595 1167 1651 ἦλθε
1197 1615 1234 1640 κ.
1259 1616 1295 1641 τ.
1318 1599 1356 1642 λ.
1382 1609 1468 1641 tam

161 1673 206 1713 in
229 1672 364 1714 verbo
389 1687 513 1728 quam
533 1672 577 1713 in
602 1675 799 1728 nomine3
831 1673 952 1729 VIII,
977 1678 1049 1727 24.
1077 1677 1141 1718 ὅτι
1166 1679 1244 1730 ἐγώ
1267 1680 1360 1733 εἶμι.
1395 1676 1482 1722 36.-

160 1754 287 1799 ὄντως
318 1751 501 1806 ἐλεῠθροι
531 1752 696 1805 ἔσεσθε,
731 1753 776 1793 in
812 1752 1012 1794 adverbio
1042 1769 1162 1807 vere;
1195 1755 1283 1810 IX,-
1308 1760 1382 1808 40.
1413 1760 1469 1811 μὴ

160 1830 230 1871 καὶ
255 1831 367 1883 ἡμεῖς
391 1828 539 1882 τυφλοί
566 1832 707 1884 ἐσμεν,
732 1829 776 1870 in
799 1831 1007 1887 particula
1025 1834 1093 1874 καὶ
1101 1848 1118 1884 ,·
1139 1833 1243 1886 XX,
1275 1849 1340 1891 17.
1363 1836 1470 1879 οἶνοι..

160 1909 293 1966 βαίνω
310 1910 409 1964 πρὸς
427 1911 498 1952 τὸν
516 1910 672 1966 πατέρα
687 1927 779 1963 μου,
797 1909 842 1951 in
855 1911 987 1952 verbo
1005 1913 1243 1970 ἀναβαίνω,·
1257 1913 1371 1958 Sect.
1394 1915 1464 1958 28.

159 1989 185 2028 ὁ
205 1991 337 2042 κύριος
360 2004 438 2040 μου
461 1989 529 2029 καὶ
550 1990 576 2030 ό
596 1991 691 2037 θεὸς
716 2005 807 2041 μου.
869 1988 1006 2030 Porro
1043 1990 1218 2048 figuram
1249 2007 1374 2048 quam
1403 1991 1467 2034 di-

161 2075 263 2105 cunt
294 2068 576 2121 ἐπανόρθωσιν
616 2065 685 2108 vel
724 2080 812 2106 non
839 2065 984 2108 adesse
1012 2069 1070 2109 ait
1098 2084 1264 2111 ΜΔΤΤΗ.
1299 2069 1357 2124 V,
1391 2085 1462 2114 21.

158 2146 352 2196 ἠκούσατε
377 2145 441 2186 ὅτι
469 2146 617 2201 ἐρῥὲθη
642 2161 680 2186 κ.
705 2161 741 2187 τ.
767 2143 804 2186 λ.
835 2154 883 2186 ut
911 2155 954 2187 et
980 2145 1095 2189 Sect.
1126 2146 1197 2190 33.
1235 2149 1307 2191 οὐκ
1331 2152 1466 2206 ἐπιορ-

159 2226 311 2276 κήσεις,
351 2237 466 2263 »non
496 2233 559 2264 est
585 2222 688 2281 legis
717 2223 957 2277 correctio,
990 2223 1065 2266 sed
1098 2226 1239 2283 potius
1266 2242 1465 2285 germana

160 2300 480 2358 »interpretatio
495 2301 531 2354 ;’‘
569 2300 638 2342 vel
670 2315 763 2342 eam
795 2299 938 2343 adesse
968 2317 1007 2345 e.
1048 2318 1089 2346 e.
1122 2304 1221 2348 Act.
1254 2305 1355 2360 XV,
1389 2306 1460 2349 33.

156 2379 424 2435 ἀπελύθησαν
449 2379 537 2435 μετ’
567 2382 742 2436 εἰρήνης,
781 2379 850 2421 »in
884 2391 1085 2425 contextu
1109 2398 1209 2425 mox
1243 2384 1464 2440 subjicitur

197 2567 250 2609 (1)
275 2567 337 2598 Cff.
363 2575 516 2599 ano-nus
541 2570 576 2598 et
600 2577 754 2600 numum.
777 2569 819 2601 atl
843 2570 878 2603 h.
909 2571 930 2604 1.

196 2624 248 2663 (2)
275 2623 337 2655 eff.
363 2633 475 2661 mxu.
503 2633 670 2656 mscnon
695 2625 765 2657 alii.
