1711 3047
739 182 816 225 117

125 325 376 378 »dubitavit‚
410 334 572 367 essetne
594 339 678 366 vox
705 339 779 365 nm
811 339 892 364 nec
923 337 1000 375 ne,
1035 321 1109 364 sed
1142 335 1271 379 quum
1306 322 1428 363 nimis

127 403 313 446 „defixus
354 414 461 445 esset
499 403 543 444 in
580 401 769 456 mundo,
810 401 998 459 obrepsit
1033 401 1077 442 in
1115 402 1201 456 ejus
1241 397 1428 442 mentem

126 481 327 538 ”obliqua
344 481 574 536 dubitatio,
591 482 832 523 futurumne
849 490 974 534 esset,
993 478 1109 537 quod
1124 478 1333 520 audierat’'
1349 478 1424 536 (1).

59 548 67 555 ’ἱ
123 560 337 618 Ἀκριβῶς
359 560 516 602 larvam
548 560 728 602 detraxit
754 559 970 601 simulatae
993 558 1209 615 religioni,
1238 567 1322 598 tum
1349 573 1427 598 RE-

124 653 275 693 Roms,
314 653 477 681 ΜΑΤΤΗ.
513 640 582 693 II,
625 639 667 681 8.
706 640 814 688 ὅπως
848 638 961 694 κᾴγὼ
1000 637 1137 680 ἐλθὼν
1174 640 1430 692 προςκυνήσω

119 719 231 774 αὐτῷ
262 717 346 775 (2),
382 726 467 759 tum
495 733 731 771 DEMETnn,
762 717 833 774 qui
860 716 1077 775 religionis
1108 715 1276 756 titulum
1309 714 1426 772 plau-

121 796 286 837 sibilem
308 795 426 837 illum
453 795 654 850 obducit,
686 806 733 837 ut
755 794 952 837 maleficii
980 793 1163 836 dedecus
1186 804 1298 852 tegat
1327 794 1424 834 Act.

119 875 242 929 XIX,
268 877 338 926 24.
358 874 435 933 (3).
492 874 766 932 Quantopere
790 873 998 932 sanguinis
1020 871 1224 914 fundendi
1247 869 1426 929 cupidus

116 952 245 995 fuerit
272 968 456 1006 SAULUS,
487 953 704 1010 ingeniose
735 951 897 994 derivat
931 967 981 993 ex
1013 967 1086 1005 eo,
1117 949 1232 1007 quod
1260 949 1423 990 nullum

116 1045 236 1071 sexus
266 1039 504 1086 respectum
529 1031 747 1083 habuerit,
781 1030 849 1071 cui
877 1030 1003 1071 etiam
1029 1028 1179 1070 armati
1207 1028 1350 1068 hostes
1377 1027 1422 1067 in

112 1105 257 1149 medio
290 1106 394 1148 belli
436 1105 588 1147 ardore
624 1120 802 1164 parcere
836 1098 975 1147 solent
1007 1106 1107 1148 Act.
1145 1104 1228 1159 XI,
1270 1120 1312 1147 2.
1342 1104 1418 1162 (4).

114 1183 347 1238 Quomodo
379 1183 488 1226 duae
520 1185 564 1226 in
599 1185 742 1226 animo
774 1184 1022 1226 affectiones
1054 1199 1199 1226 secum
1236 1184 1422 1226 invicem

113 1274 279 1306 certent
294 1295 307 1317 ,
337 1262 564 1317 indicavit,
587 1279 629 1321 g.
653 1272 738 1304 tam
759 1278 935 1304 Josm’m
958 1262 1178 1320 exemplo,
1200 1264 1315 1318 cujus
1334 1273 1420 1304 stu-

112 1341 231 1384 dium
244 1342 343 1398 justi
361 1357 459 1383 cum
476 1342 738 1383 humanitate
755 1341 969 1400 pugnabat
989 1356 1153 1383 MATTH.
1174 1342 1218 1395 I,
1248 1355 1313 1397 19.
1337 1340 1420 1398 (5),

109 1429 196 1462 tum
241 1419 466 1462 mulierum
486 1451 498 1474 ,
546 1434 652 1476 quae
691 1430 733 1462 et
768 1419 927 1461 laetitia
970 1429 1012 1461 et
1046 1419 1255 1461 anxietate
1294 1418 1418 1461 duce-

104 1498 260 1540 bantur
303 1513 469 1541 MATTH.
516 1497 703 1552 XXVII,
746 1498 820 1553 8.‚
862 1507 947 1539 tum
988 1513 1162 1540 cnmsn
1196 1498 1248 1540 ab
1286 1498 1417 1540 altera

105 1587 227 1636 parte
269 1575 560 1618 misericordia
601 1577 830 1631 commoti,
877 1576 930 1618 ab
971 1576 1102 1618 altera
1142 1591 1246 1619 vero
1295 1588 1415 1635 parte

103 1655 316 1713 ingratum
362 1654 570 1713 populum
614 1655 841 1697 aversantis
883 1655 989 1697 Luc.
1036 1655 1139 1696 XIX
1155 1687 1166 1709 ,
1212 1658 1285 1707 42.
1328 1664 1413 1697 tum

103 1748 330 1787 MARTHAE,
356 1734 401 1774 in
425 1749 506 1791 qua
530 1744 573 1776 et
593 1733 692 1776 fidei
714 1734 981 1776 imbecillitas
1005 1745 1047 1776 et
1066 1750 1159 1792 spes
1180 1734 1320 1777 fratris
1343 1750 1409 1778 re-

100 1809 230 1852 divivi
244 1811 449 1869 regnabat
464 1826 586 1853 JOAN.
599 1811 674 1864 XI,
697 1810 768 1868 39.
786 1818 910 1868 κύριε,
925 1813 1002 1867 ἤδη
1015 1814 1099 1862 ὄζει
1113 1830 1150 1855 κ.
1165 1830 1201 1855 τ.
1218 1812 1254 1855 λ.
1279 1811 1408 1855 »dum

98 1889 257 1931 »altera
280 1904 408 1930 manu
433 1892 633 1947 porrecta
659 1890 843 1948 petimus
867 1905 891 1932 a
916 1905 1002 1932 mzo
1024 1891 1248 1945 auxilium,
1276 1890 1406 1934 altera

97 1967 168 2008 »in
188 1977 390 2024 promptu
407 1967 597 2009 oblatum
616 1968 880 2026 repellimus’'
895 1968 972 2027 (6).
1025 1968 1138 2012 Num
1160 1984 1264 2012 vero
1286 1979 1404 2012 recte

96 2045 330 2100 monuerit,
358 2047 669 2103 quaestionem,
695 2062 801 2104 quae
823 2047 1003 2089 habetur
1019 2063 1119 2090 nno.
1137 2046 1282 2102 XVII,
1308 2062 1400 2103 10.‚

134 2272 187 2315 (l)
210 2273 273 2304 Cff.
301 2281 451 2303 annuus
475 2273 511 2303 et
533 2280 728 2303 omnum«
752 2271 793 2303 ad
818 2272 852 2303 h.
879 2272 903 2305 l.

132 2329 186 2370 (2)
210 2329 453 2361 Cffa’xscuoa
476 2331 511 2360 et
532 2338 700 2362 nument.
735 2329 926 2360 Furzscun
953 2328 1177 2361 temeritatem
1200 2328 1313 2360 dicere
1335 2339 1403 2371 po-

216 2385 284 2417 tius
307 2385 416 2417 voluit
439 2384 480 2417 ad
504 2385 540 2418 h.
566 2384 591 2417 l.

132 2439 186 2482 (3)
210 2439 262 2472 ef.
290 2449 324 2473 v,
351 2450 386 2473 n.
413 2450 502 2471 um
526 2439 568 2472 ad
592 2439 628 2474 h.
655 2441 681 2473 1.

131 2497 183 2538 (4)
209 2496 260 2529 Cf.
288 2505 440 2527 mmmm.
464 2496 506 2527 ad
529 2496 564 2528 h.
592 2497 617 2529 l.

132 2552 186 2595 (5)
210 2553 262 2586 Cf.
291 2562 458 2583 uscaron
482 2551 523 2584 ad
547 2552 584 2585 h.
611 2553 634 2585 l.

135 2610 189 2652 (6)
213 2611 264 2644 Cf.
294 2619 448 2642 motum<
473 2608 513 2640 ad
538 2608 574 2642 h.
603 2609 624 2639 l.
