1711 3047
819 251 868 287 26

214 368 281 397 «te
315 358 647 406 ve1·v1·eemden,»
682 373 760 397 non
799 361 880 398 sine
921 360 1000 397 ullo
1042 359 1161 398 dubio
1198 360 1337 399 deduci
1373 376 1477 414 posse

208 440 302 477 mihi
330 439 509 488 videtur,
538 439 608 477 hoc
630 441 694 490 jus
721 439 877 478 domino
903 440 1130 491 denegatum
1146 455 1245 490 esse3
1278 456 1364 480 nam
1381 473 1390 490 ,
1422 443 1476 480 uti

208 520 398 568 vidimus,
418 521 509 559 Jure
531 522 701 559 Romano
720 521 998 573 Emphyteutae
1020 522 1133 560 etiam
1147 522 1280 570 licuit,
1310 537 1476 574 quocun-

205 615 278 652 que
311 602 422 640 modo
449 604 513 653 jus
553 617 660 641 suum
687 603 881 651 alienare,
911 612 947 640 et
973 612 1072 640 certe
1107 603 1363 641 nihilominus
1405 605 1476 642 do—

206 683 332 721 minus
352 685 416 734 jus
436 686 678 736 protimeseos
700 684 878 722 habebat.
935 685 1088 722 Etenim
1104 684 1213 722 nullo
1235 684 1347 722 modo
1374 685 1477 722 dam-

210 778 343 801 nosum
375 765 655 817 Emphyteutae
691 766 762 803 hoc
796 766 882 803 fieri
911 774 1058 818 potest,
1089 780 1211 816 neque
1247 767 1360 803 etiam
1398 767 1478 816 ejus

205 846 384 893 interest,
415 856 542 884 utrum
582 848 708 885 Titius
748 846 810 885 vel
848 847 1027 885 dominus
1057 849 1122 897 jus
1151 848 1478 900 emphyteuticum

205 928 348 965 emerit.
405 928 480 966 Sed
502 928 572 966 hoe
602 929 721 966 nostri
750 928 979 980 legislatoris
1011 928 1210 966 silentium
1233 930 1275 967 in
1302 929 1373 966 hac
1400 943 1475 966 ma-

204 1009 299 1047 teria
328 1022 373 1046 ex
402 1023 444 1047 eo
470 1010 564 1047 forte
594 1009 868 1061 explicandum
897 1019 974 1056 est,
1003 1010 1130 1060 quod,
1158 1025 1275 1061 quum
1303 1010 1478 1062 Emphy-

205 1089 320 1127 tensis
341 1104 418 1128 non
446 1091 610 1142 amplius
634 1100 817 1142 perpetua
845 1092 915 1138 sit,
954 1106 1032 1128 non
1068 1091 1274 1129 indefinito
1311 1101 1477 1143 tempore

208 1170 387 1208 dominus
415 1172 530 1209 fundi
558 1173 638 1221 ejus
672 1186 741 1209 usu
769 1173 971 1224 privetur,
1000 1171 1115 1222 idque
1138 1187 1157 1209 a
1186 1173 1385 1210 voluntate
1412 1187 1477 1209 sua

205 1252 384 1303 pendeat.
443 1254 554 1291 Ratio
576 1253 793 1304 denegandi
825 1254 937 1290 etiam
967 1263 1044 1300 est,
1087 1253 1190 1304 quod
1219 1254 1260 1291 in
1287 1268 1387 1291 novo
1412 1267 1479 1291 co-

208 1333 317 1382 dice,
354 1334 420 1371 ubi
443 1334 514 1372 hoe
536 1333 618 1371 fieri
646 1335 796 1386 potuit,
828 1336 892 1385 jus
919 1344 1102 1372 retractus
1124 1334 1313 1372 abolitum
1333 1335 1405 1383 sit,
1436 1344 1476 1372 ut

203 1423 307 1466 patet
328 1429 375 1452 ex
396 1416 524 1453 verbis
546 1416 726 1463 Asseri,
746 1417 830 1466 qui,
853 1430 970 1467 quum
985 1415 1163 1464 dixisset,
1186 1416 1295 1453 illam
1316 1417 1477 1468 speciem

198 1496 298 1546 juris
320 1505 503 1534 retractus
535 1496 705 1534 faciendi
729 1498 902 1534 articulis
932 1496 1257 1548 1699-1701.1)
1287 1497 1379 1535 Cod.
1407 1498 1479 1534 Na-

205 1578 304 1630 pol.,
333 1577 499 1616 debitori
523 1592 742 1627 eoncessum
758 1609 767 1626 ,
799 1593 898 1618 novo
918 1588 1047 1616 nostro
1087 1578 1217 1616 codice
1257 1592 1333 1616 esse
1359 1578 1478 1616 aboli-

205 1668 285 1696 tum
301 1689 310 1707 ,
333 1659 461 1697 addit:
484 1673 501 1692 «
517 1659 609 1696 Men
632 1659 736 1696 heeft
760 1660 824 1697 het
849 1660 1073 1711 ongeschikt
1103 1660 1236 1711 geacht
1252 1690 1262 1708 ,
1299 1674 1359 1697 om
1385 1660 1479 1697 deze

211 1754 229 1773 «
246 1741 464 1791 bijzondere
498 1742 671 1793 naasting
699 1741 748 1791 bij
777 1750 812 1778 te
846 1741 1052 1779 behouden
1069 1772 1078 1789 7
1120 1741 1269 1791 ter-wg'jl
1304 1755 1392 1777 men
1415 1741 1477 1777 die

211 1824 393 1859 «zooveel
422 1824 605 1875 mogelg'jk
636 1824 844 1875 allerwege
877 1828 940 1860 uit
977 1824 1022 1860 de
1063 1829 1215 1859 m‘euwe
1256 1827 1480 1874 wetgevz‘ng

211 1905 354 1953 «heeft
385 1906 662 1956 uz'tgesloten.»
697 1903 738 1954 2)
794 1904 852 1942 Ab
872 1904 989 1942 altera
1018 1914 1123 1956 parte
1151 1904 1370 1941 mirandum
1397 1913 1450 1940 est
1467 1934 1476 1950 ‚

206 2000 284 2023 non
323 1986 484 2023 articulo
525 1986 688 2037 quodam
725 1987 789 2035 jus
814 1987 1079 2037 protimeseos7
1105 1995 1213 2023 antea
1242 1998 1386 2036 semper
1414 1985 1477 2022 do-

206 2067 310 2104 mino
351 2076 590 2119 competens,
634 2068 821 2119 expressis
861 2067 988 2105 verbis
1028 2080 1104 2104 esse
1144 2066 1346 2113 abolitum,
1377 2068 1476 2103 sicut

206 2148 348 2185 factum
384 2149 626 2195 invenimus,
652 2148 753 2198 quod
793 2147 841 2184 ad
880 2148 1155 2185 laudemiorum
1181 2149 1469 2198 praestationem

209 2230 358 2267 attinet.

256 2435 286 2474 1)
335 2436 380 2466 Cf.
407 2440 467 2467 art.
494 2434 570 2466 771.
599 2435 677 2466 cod,
706 2436 771 2465 Cix.
800 2435 890 2474 Belg.

254 2497 286 2537 2)
335 2499 379 2529 Cf.
420 2498 529 2528 &sserz
558 2498 619 2526 Het
641 2497 718 2526 Ned.
747 2498 844 2536 Burg.
877 2497 1062 2534 Wetboek,
1091 2496 1291 2534 vergelekeu
1324 2500 1391 2525 uiet
1420 2496 1475 2525 het

211 2561 322 2591 Rveth.
353 2561 520 2600 Napoleon
540 2585 546 2597 ‚
575 2570 646 2599 pag.
675 2558 750 2589 520.
