1711 3047
815 184 872 226 63

254 329 428 371 Alienus
459 328 513 370 ab
546 326 662 369 omni
693 326 784 368 laxa
802 325 1178 382 interpretatione,
1213 326 1350 368 noluit
1376 328 1494 370 verbi

195 406 411 466 cujusdam
441 406 762 466 significationi,
802 418 1071 462 quascunque
1106 403 1280 447 tandem
1311 406 1367 448 ob
1398 422 1496 450 cau-

194 502 282 541 sas,
329 485 488 544 aliquid
527 485 715 539 detrahi,
763 483 799 525 si
843 492 1062 525 contextus
1098 482 1144 524 id
1181 499 1268 526 non
1299 484 1493 540 suadeat5

195 580 360 608 MATTH.
403 564 568 618 XXVI,
617 564 686 620 39.
729 564 774 606 τὸ
812 566 1003 618 ποτήριον
1042 570 1215 603 mortem
1254 572 1376 604 notat
1407 563 1495 621 (1);

194 645 262 687 vel
289 660 397 702 quae
422 645 615 685 universe
647 642 866 696 dicuntur,
897 651 1114 698 tamquam
1137 642 1181 682 in
1209 642 1350 700 specie
1383 642 1499 685 dicta

194 724 352 782 accipi,
385 738 483 764 Luc.
514 722 576 776 X,
607 724 680 773 42.
713 725 802 771 ἑνὸς
834 725 915 765 ἐστι
943 722 1067 778 χρεία.
1130 720 1346 773 »Quidam
1374 722 1499 764 nimis

195 801 370 860 »frigide
402 811 642 860 exponunt,
679 800 873 843 sufficere
903 816 1034 842 unum
1062 800 1212 842 ferculi
1240 816 1369 859 genus
1403 801 1496 858 (2)3

195 882 425 939 »spectavit
439 896 659 934 cnmsmus,
677 879 882 937 quidquid
896 879 1104 938 agendum
1117 881 1345 938 suscipiant
1354 879 1500 923 fideles

195 970 265 1001 »et
285 974 536 1015 quocunque
559 975 603 1000 se
623 959 857 1016 applicent,
882 974 1013 1000 unum
1034 969 1176 1000 tamen
1196 974 1373 1016 scopum
1389 975 1498 1014 esse,

193 1035 272 1077 »ad
303 1050 428 1092 quem
464 1035 612 1077 referri
648 1037 793 1078 omnia
826 1036 1074 1078 conveniat’'
1099 1036 1176 1093 (3).
1240 1036 1340 1078 Non
1373 1037 1407 1078 is
1437 1048 1499 1079 ta-

191 1129 290 1156 men
311 1113 413 1167 fuit,
437 1114 507 1170 qui
534 1112 687 1155 adduci
708 1129 752 1156 se
772 1128 858 1155 non
882 1128 1024 1171 passus
1043 1123 1127 1168 est,
1150 1123 1196 1155 ut
1215 1129 1304 1156 non
1327 1130 1500 1158 ornnem

191 1192 309 1234 vocis
339 1192 427 1234 vim
459 1207 548 1234 esse
578 1191 813 1250 urgendam
838 1190 1033 1246 doceret,
1068 1193 1327 1247 rationibus,
1361 1194 1430 1236 vel
1449 1209 1501 1236 ex

191 1269 544 1329 praecedentibus
557 1302 568 1324 ,
591 1270 659 1311 vel
678 1286 728 1312 ex
746 1270 1016 1328 sequentibus
1034 1269 1192 1325 ductis,
1213 1287 1251 1314 e.
1272 1287 1309 1313 c.
1329 1287 1496 1317 MATTH.

192 1348 231 1391 V
245 1380 257 1402 ,
286 1349 357 1400 34.
377 1353 430 1403 μὴ
447 1350 589 1403 ὀμόσαι
607 1350 726 1404 ὅλως,
748 1355 846 1403 μήτε
863 1367 901 1392 κ.
917 1367 953 1392 τ.
969 1349 1003 1392 λ.
1026 1364 1136 1390 »non
1156 1349 1324 1392 aliunde
1341 1360 1402 1392 est
1426 1350 1499 1393 de-

194 1426 415 1469 »ducenda
432 1427 683 1486 significatio
705 1427 895 1470 adverbii
920 1428 1041 1482 ὅλως,
1071 1428 1150 1469 nisi
1171 1444 1222 1470 ex
1241 1429 1380 1470 verbis
1401 1435 1499 1484 μήτε

191 1525 226 1550 κ.
241 1524 279 1549 τ.
298 1506 337 1552 λ.
354 1506 415 1564 (4)
429 1522 440 1559 3
454 1506 523 1548 vel
537 1521 588 1547 ex
600 1516 694 1548 toto
709 1516 910 1547 contextu
923 1537 935 1559 ,
962 1521 999 1548 e.
1020 1521 1058 1548 c.
1078 1521 1201 1549 ιτοΑΝ.
1221 1507 1262 1559 I,
1293 1523 1310 1548 1
1324 1523 1358 1549 1.
1377 1511 1431 1558 εἷς
1447 1526 1499 1552 τοι

190 1586 279 1629 ἴδια
307 1586 430 1640 ἦλθε,
466 1590 509 1625 in
539 1600 618 1625 sua
641 1589 764 1626 venit.
797 1584 950 1641 »aliqui
972 1584 1024 1626 de
1055 1595 1149 1626 toto
1175 1585 1336 1627 mundo
1364 1587 1499 1629 Evan-

192 1665 407 1724 »gelistam
426 1664 544 1720 loqui
566 1674 741 1721 putant,
763 1663 935 1717 rectius,
960 1664 1032 1721 qui
1050 1664 1237 1706 referunt
1251 1664 1304 1706 ad
1317 1664 1498 1708 Judaeos

191 1744 344 1784 »solos.
407 1742 557 1783 Subest
587 1742 698 1783 enim
733 1742 860 1782 tacita
891 1743 1176 1800 comparatio,
1212 1759 1294 1800 qua
1324 1760 1499 1804 exagge-

192 1830 284 1862 »rat
314 1821 446 1879 magis
476 1820 742 1879 Evangelista
770 1820 994 1862 hominum
1019 1821 1389 1880 ingratitudinem”
1410 1824 1493 1882 (5);

189 1899 314 1941 JOAN.
351 1899 419 1953 X,
464 1898 534 1941 30.
570 1899 649 1952 ἐγὼ
687 1900 757 1942 καὶ
793 1902 818 1942 ό
848 1903 981 1957 πατὴρ
1013 1900 1060 1944 ἓν
1104 1904 1235 1956 ἐσμεν.
1287 1918 1403 1945 »non
1443 1903 1497 1946 de

190 1979 374 2020 »unitate
411 1979 668 2020 substantiae
705 1977 891 2035 disputat
921 1995 1152 2034 camyros,
1194 1981 1270 2024 sed
1306 1981 1360 2024 de
1393 1998 1498 2025 cona

156 2094 159 2099 ⁴
189 2072 361 2110 »sensu‚
397 2073 521 2113 quem
553 2072 651 2098 cum
682 2056 811 2098 Patre
840 2057 998 2100 habet’'
1016 2058 1095 2116 (6).

231 2158 284 2199 (l)
309 2159 372 2191 Cff.
399 2168 508 2196 nnn,
538 2168 688 2191 enorme
713 2161 748 2191 et
773 2170 939 2191 Rumon.

224 2212 283 2256 (2)
309 2213 345 2246 E.
372 2225 404 2254 g.
431 2223 615 2246 manuus
641 2216 675 2246 in
701 2216 876 2255 versione,
904 2217 975 2250 alii.

228 2267 281 2310 (3)
311 2269 373 2300 eff.
405 2278 579 2308 GROTIIIS,
608 2280 785 2310 mmmm,
824 2282 856 2304 v.
888 2283 922 2303 n.
952 2283 1041 2304 1>Δι11
1066 2276 1101 2305 et
1127 2284 1323 2308 ozsnAusEn
1348 2277 1389 2309 ad
1413 2278 1450 2312 11.
1476 2279 1500 2312 l.

230 2324 282 2367 (4)
306 2325 368 2357 eff.
396 2335 503 2364 uzi,
528 2336 721 2366 risui-on,
744 2338 920 2368 Rumon,
945 2340 1100 2362 nannum
1115 2333 1150 2363 et
1165 2343 1349 2365 rntrzscmz
1370 2335 1412 2366 ad
1426 2334 1500 2369 h.1.

230 2380 283 2424 (5)
308 2381 371 2413 eff.
388 2391 472 2411 maza
487 2403 496 2419 ‚
523 2392 740 2425 onsmnsnm
765 2387 801 2416 et
815 2395 922 2416 LUCKE
937 2387 1005 2419 ait:
1043 2388 1178 2420 »Schon
1194 2400 1279 2421 naza
1294 2391 1364 2422 und
1378 2402 1503 2424 estvm

312 2447 332 2467 »
344 2437 603 2479 rechtfertigten
630 2439 722 2471 diese
743 2440 940 2483 Auslegung
966 2443 1029 2475 auf
1055 2444 1132 2476 eine
1159 2445 1296 2484 Weise,
1325 2447 1400 2479 dats
1425 2459 1503 2480 man

312 2501 332 2521 ›>
346 2491 419 2523 sich
441 2493 604 2525 wundern
628 2505 740 2534 muas,
767 2496 843 2528 dass
865 2498 914 2530 sie
935 2499 999 2532 seit
1021 2500 1098 2533 dem
1118 2501 1216 2534 nicht
1238 2503 1418 2544 allgemein
1441 2516 1501 2546 ge-

313 2548 484 2580 »worden
509 2549 598 2582 ist.”
625 2551 667 2583 ad
691 2551 726 2583 h.
752 2553 776 2585 l.

227 2603 282 2647 (6)
305 2604 369 2636 Cfl.
395 2614 571 2646 Rumon,
600 2618 707 2639 tucn
734 2611 768 2640 et
796 2620 948 2642 ruotucx
976 2612 1016 2644 ad
1041 2612 1075 2645 h.
1103 2614 1128 2647 1.
