1711 3047
878 194 934 235 82

847 353 956 417 §i

666 510 959 569 Geograplziae
989 513 1155 551 notitia.

313 650 363 692 In
388 647 714 708 interpretandis
744 647 864 689 libris
893 647 949 690 N.
973 645 1024 689 T.
1053 645 1264 688 historicis
1292 646 1373 688 rite
1402 647 1555 690 versari

254 744 382 772 nemo
418 738 582 786 potest,
623 727 703 768 nisi
740 725 1020 767 Palaestinam
1061 735 1105 767 et
1139 724 1297 766 vicinas
1333 726 1553 783 regioneS,

259 806 449 865 oppida,
489 814 686 858 monteS‚
732 814 815 847 etc.
859 799 996 861 plane'
1025 813 1188 845 noscat.
1261 803 1477 845 CALVINUS
1514 804 1558 845 in

256 886 372 927 hisce
401 884 590 942 quamvis
614 883 755 925 brevis
782 882 854 936 sit,
884 891 1122 923 accuratam
1148 891 1290 922 tamen
1322 891 1365 923 et
1387 881 1558 923 felicem

255 964 397 1022 posuit
417 962 687 1016 industriam,
719 976 895 1002 monens
921 960 1142 1013 Lectores,
1177 960 1209 1000 si
1237 959 1406 1016 quidem
1437 959 1559 1016 plura

256 1040 310 1083 de
339 1042 560 1099 regionum
591 1050 633 1082 et
664 1040 830 1080 urbium
862 1039 942 1079 situ
973 1039 1080 1079 scire
1116 1038 1300 1090 vellent,
1336 1036 1381 1077 id
1415 1047 1559 1094 peteu-

257 1119 359 1161 dum
397 1134 484 1161 esse
517 1134 569 1160 ex
599 1118 866 1176 geographis.
929 1117 1047 1168 Quae
1089 1115 1296 1172 praestitit
1329 1115 1434 1156 haec
1469 1114 1559 1156 fere

255 1208 377 1239 sunt:
417 1212 583 1240 MATTH.
619 1197 728 1248 XII,
767 1198 838 1246 42.
875 1194 1104 1236 Βασίλισσα
1129 1197 1286 1236 Νότου.
1349 1192 1562 1243 Quoniam

256 1275 499 1332 Aethiopia,
513 1274 534 1314 J
538 1273 696 1315 udaeae
712 1282 906 1330 respectu
922 1272 1085 1325 habito,
1105 1269 1158 1312 ad
1175 1269 1395 1312 meridiem
1411 1269 1559 1327 vergit,

255 1354 367 1394 hanc
383 1353 507 1393 fuisse
523 1351 776 1408 Aethiopiae
786 1350 980 1407 reginam
996 1358 1116 1407 putat
1131 1348 1208 1406 (1).
1231 1349 1278 1390 In
1297 1347 1462 1389 urbium
1479 1348 1561 1388 situ

258 1430 500 1473 definiendo
530 1440 649 1471 recte
679 1439 865 1470 versatus
893 1438 956 1469 est
987 1443 1026 1469 e.
1062 1443 1100 1470 c·
1130 1442 1294 1469 MATTH.
1324 1426 1448 1480 XVI,
1489 1425 1555 1468 13.

259 1513 313 1560 εἷς
330 1513 380 1552 τὰ
398 1509 498 1565 μέρη
510 1509 757 1564 Καισαρείας
780 1512 849 1561 τῆς
868 1507 1093 1550 Φιλίππου.
1140 1506 1333 1563 »Duplex
1353 1515 1443 1547 erat
1462 1506 1563 1546 Cae-

259 1604 422 1643 2›sarea,
452 1598 568 1630 vetus
599 1587 672 1628 illa
700 1597 742 1628 et
769 1586 981 1639 nobilior,
1016 1601 1120 1642 quae
1147 1585 1263 1643 prius
1290 1584 1416 1625 turris
1448 1583 1562 1625 Stra-

258 1668 394 1708 »tonis
432 1677 544 1719 erat,
585 1675 628 1707 et
660 1666 767 1706 haec
802 1664 857 1706 ad
887 1663 1049 1705 radices
1076 1662 1230 1704 montis
1265 1662 1437 1715 Libani,
1475 1676 1563 1702 non

262 1744 438 1802 »procul
470 1759 493 1784 a
521 1742 708 1784 Jordane
740 1743 833 1783 sita.
862 1766 918 1773 —
952 1725 1060 1792 Quia
1091 1756 1225 1797 nuper
1247 1730 1455 1781 exstructa
1473 1749 1564 1781 erat

261 1838 313 1863 »a
357 1835 559 1862 PHILIPPO
606 1820 867 1872 Teu-archa,
907 1829 1057 1859 vocata
1095 1818 1174 1858 fuit
1210 1817 1433 1858 PHILIPP1'’
1471 1816 1561 1873 (2);
1623 1813 1627 1816 ’

261 1900 360 1942 LUC.
383 1900 425 1952 I,
463 1898 533 1954 39.
569 1898 799 1939 lectionem
826 1901 879 1946 εἷς
915 1897 1035 1941 πόλιν
1070 1897 1212 1940 Ἰούδα
1250 1906 1434 1947 secutus,
1467 1909 1566 1935 con-

262 1977 423 2031 tendit,
460 1977 570 2018 hane
603 1977 754 2017 urbem
786 1976 1035 2033 pertinuisse
1072 1974 1126 2016 ad
1163 1974 1323 2015 tribum
1358 1959 1491 2013 Judae
1526 1982 1570 2014 et

263 2059 385 2099 sitam
423 2055 546 2096 fuisse
583 2055 628 2095 in
664 2055 838 2112 regione
875 2053 1106 2105 montana,
1149 2051 1226 2093 etsi
1261 2066 1350 2092 non
1389 2049 1564 2104 definit,

265 2150 471 2193 quaenam
506 2133 633 2174 fuerit
669 2132 755 2189 (3);
801 2134 900 2175 Act.
942 2132 1027 2186 IX,
1069 2131 1138 2173 32.
1180 2132 1278 2187 πρὸς
1314 2131 1406 2178 τούς
1442 2146 1566 2171 κατα·

265 2218 436 2261 κοῦντας
457 2213 631 2255 Λύδδαν
644 2244 656 2265 ,
679 2209 850 2267 »Lydda
871 2220 1017 2267 postea
1038 2209 1252 2266 Diospolis
1270 2218 1439 2261 vocata,
1470 2207 1566 2247 urbs

267 2303 376 2333 »tam
397 2299 602 2332 vetustate
628 2289 715 2342 sua,
754 2303 878 2345 quam
903 2287 1045 2329 multis
1074 2286 1244 2328 dotibus
1272 2285 1448 2339 nobilis,
1479 2298 1567 2326 non

306 2455 357 2495 (1)
385 2455 446 2486 Cfl'.
472 2461 648 2489 mmmm,
678 2461 864 2481 rnlrzscnr
890 2452 926 2481 et
951 2458 1145 2480 otsnAusmv
1169 2448 1209 2479 ad
1233 2447 1269 2480 h.
1297 2448 1320 2478 1.

305 2511 358 2551 (2)
383 2511 444 2541 eff.
471 2520 578 2546 ΒΕΖΑ,
606 2518 773 2539 rISCA'ron
793 2530 801 2542 ,
829 2506 898 2537 alii.

301 2566 353 2606 (3)
379 2565 430 2596 Cf.
459 2575 543 2594 BEzA
567 2563 607 2594 ad
633 2563 667 2594 h.
695 2563 717 2593 1.
768 2561 834 2592 Alii
856 2562 1081 2602 interpretes,
1109 2560 1183 2597 vel,
1216 2560 1343 2591 Juttam
1367 2558 1418 2590 vel
1441 2557 1569 2589 Hebro-

383 2630 480 2657 nem,
510 2619 566 2650 alii
591 2618 819 2654 Hierosolyma
845 2616 1028 2653 significari
1052 2618 1185 2654 putant.
