1711 3047
829 172 877 211 14

197 308 293 351 libri
323 308 405 349 sint
429 308 671 366 conscripti.
735 309 939 350 Nonnulli
959 310 1096 363 enim,
1132 312 1262 354 nimio
1284 328 1500 356 sacrorum

193 387 448 444 scriptorum
475 386 614 428 studio
644 385 778 441 ducti,
809 403 912 445 pure
937 386 1145 430 Graecum
1165 405 1252 432 esse
1272 381 1499 433 contende-

193 466 295 507 bant
319 466 374 508 N.
410 466 444 507 F
448 466 611 508 oederis
641 482 901 520 sermonem3
936 466 1005 508 alii
1027 483 1128 508 vero
1151 469 1497 524 Hebraizantem,

191 544 279 586 sive
299 544 729 587 Graeco-Hebraeum
749 561 844 587 eum
869 561 955 587 esse
978 547 1231 589 statuebant.
1294 549 1362 590 Ab
1384 560 1496 590 utra-

193 638 273 680 que
296 635 436 680 parte,
462 624 506 664 in
527 623 682 665 tuenda
704 635 745 666 et
765 623 1029 666 defendenda
1050 625 1250 682 opinione
1269 628 1397 668 semel
1415 643 1496 669 sus-

192 712 315 759 cepta
351 713 393 743 et
424 703 666 760 proposita,
700 718 853 761 magno
894 718 990 745 cum
1021 703 1259 745 animorum
1290 715 1409 745 motu
1436 717 1496 747 est

189 779 468 838 disputatum,
492 796 543 822 eo
564 780 736 822 tandem
758 791 929 835 eventu,
949 792 997 822 ut
1019 797 1164 823 omnes
1184 781 1237 822 ad
1257 798 1388 824 unum
1407 783 1495 826 fere

185 858 241 900 N.
276 858 477 901 Foederis
506 875 744 901 sermonem
780 860 985 916 ejusmodi
1016 876 1107 901 esse
1135 870 1385 916 statuerent,
1423 868 1496 920 qui

187 953 243 978 ex
275 937 420 995 lingua
443 938 640 979 Hebraea
651 939 842 997 plurima
866 944 910 979 in
931 954 1051 980 suum
1075 955 1193 980 usum
1215 946 1490 983 contraxerit.

187 1014 325 1068 Quam
359 1019 607 1058 sententiam
641 1032 861 1060 CALVINUM
900 1032 1067 1074 quoque
1102 1018 1339 1074 amplexum
1378 1034 1489 1073 esse,

183 1094 285 1136 lieet
310 1096 559 1152 paucissima
586 1106 748 1137 tantum
780 1095 943 1137 disertis
969 1096 1050 1137 hac
1081 1095 1133 1137 de
1162 1112 1208 1137 re
1231 1096 1382 1138 dixerit
1405 1112 1492 1138 ver-

183 1172 270 1226 bis,
303 1172 466 1215 duobus
499 1182 641 1216 tamen
669 1184 1011 1232 argumentorum
1035 1175 1255 1232 generibus
1279 1175 1391 1217 effici
1411 1191 1490 1233 po-

182 1261 285 1305 test;
337 1268 517 1309 quorum
554 1253 729 1294 alterum
765 1251 934 1309 quidem
972 1251 1142 1294 ducitur
1178 1269 1201 1294 e
1240 1253 1345 1294 locis
1382 1254 1490 1295 bene

182 1331 349 1385 multis,
387 1347 494 1388 quae
523 1347 573 1372 ex
604 1332 745 1389 lingua
773 1332 966 1373 Hebraea
991 1331 1172 1389 explicat
1192 1323 1277 1389 (1)*;
1313 1332 1489 1373 alterum

181 1423 284 1449 vero
319 1408 534 1450 derivatur
570 1426 622 1451 ex
655 1411 704 1450 iis
743 1410 903 1462 effatis,
952 1410 1099 1466 quibus
1134 1410 1199 1451 vel
1232 1410 1488 1451 Hebraismis

180 1485 392 1527 abundare
423 1487 672 1544 Evangelia,
707 1487 775 1528 vel
808 1488 1019 1529 Hebraica
1043 1488 1253 1528 vocabula
1282 1489 1333 1529 ab
1352 1489 1487 1529 Evan-

179 1564 337 1622 gelistis
359 1580 446 1606 esse
468 1575 665 1622 usurpata
688 1564 875 1606 declarat
896 1563 975 1622 (2)

238 1641 367 1693 Quod
397 1658 524 1698 quum
551 1644 742 1685 universe
771 1642 823 1684 de
849 1643 1039 1701 linguae,
1083 1658 1164 1699 qua
1194 1643 1248 1685 N.
1285 1642 1485 1685 Foederis

175 1720 274 1761 libri
298 1721 526 1777 conscripti
546 1732 663 1774 sunt,
690 1722 950 1779 proprietate
974 1737 1120 1762 verum
1143 1722 1216 1773 sit,
1243 1721 1296 1762 de
1321 1721 1484 1763 duobus

176 1808 318 1839 tamen
346 1798 485 1852 libris,
519 1815 670 1857 nempe
699 1814 922 1840 MATTHAEI
955 1799 1187 1856 Evangelio
1219 1809 1261 1840 et
1287 1800 1481 1856 Epistola

175 1877 237 1918 ad
264 1877 503 1931 Hebraeos,
544 1877 791 1919 dubitarunt
826 1888 867 1919 et
902 1878 1143 1919 etiamnunc
1174 1876 1368 1919 dubitant
1405 1879 1482 1920 viri

175 1954 318 2008 docti,
365 1967 505 1998 utrum
539 1956 763 2010 Hebraeo,
799 1972 851 1997 an
876 1955 1258 1997 Graeco-Hebraeo
1287 1971 1482 1998 sermone

173 2034 256 2075 sint
295 2035 539 2092 conscripti.
604 2035 820 2077 Posterior
844 2045 983 2077 autem
1005 2035 1135 2088 liber,
1165 2051 1292 2092 quum
1311 2035 1478 2076 silentio

173 2112 244 2154 hic
272 2113 669 2171 praetermittendus
696 2115 770 2168 sit,
805 2114 858 2156 de
889 2115 1032 2172 priore
1065 2113 1165 2172 quid
1195 2113 1378 2156 dixerint
1399 2114 1478 2156 viri

173 2190 310 2243 docti,
339 2191 439 2248 quid
463 2193 654 2234 statuerit
683 2207 911 2246 nummus,
943 2193 1087 2252 paucis
1114 2204 1175 2235 est
1200 2192 1474 2235 monendum.

211 2373 262 2416 (Ι)
287 2374 364 2406 vid.
390 2375 470 2406 Pars
495 2374 570 2412 111,
598 2385 673 2416 cap.
701 2375 730 2406 Ι.

211 2430 262 2471 (2)
287 2429 363 2463 vid.
389 2434 503 2461 noster
529 2430 569 2461 ad
593 2440 715 2461 tonsu,
742 2430 807 2461 111.
834 2431 877 2469 3,
903 2429 943 2461 V.
964 2430 1006 2468 2,
1033 2429 1108 2461 XII.
1136 2430 1198 2468 13,
1225 2430 1303 2462 Act.
1329 2430 1376 2461 11.
1393 2430 1415 2461 3
1435 2431 1480 2463 al.

294 2486 341 2516 De
375 2488 448 2517 toto
482 2486 589 2518 hocce
626 2486 1045 2533 argumentorconferatur
1073 2495 1211 2524 wnuzn,
1244 2485 1479 2519 Grammatik.

292 2542 404 2573 Dritte
436 2541 589 2584 Auflage.
640 2543 831 2584 Einleitung
867 2543 882 2585 §
914 2543 994 2584 l—§
1021 2542 1043 2572 4
1074 2546 1109 2574 et
1143 2544 1202 2584 qui
1229 2543 1275 2575 ibi
1303 2543 1482 2575 laudantur

293 2601 460 2630 auctores,
