1711 3047
869 269 912 304 17

840 378 931 431 §¹-

301 543 623 596 Quandoquidem
657 543 913 596 Emphyteuta
945 539 1110 578 fundum
1127 552 1173 577 cx
1200 538 1349 576 domini
1382 537 1525 575 volun—

246 639 321 667 tate
362 627 555 680 possidet,
589 626 701 663 etiam
728 625 898 671 fructus,
938 632 1121 673 tanquam
1158 619 1272 658 fundi
1301 628 1426 672 partes
1452 618 1523 655 ha-

247 711 330 757 bet,
355 709 509 760 solaque
534 707 771 759 separatione
797 720 926 744 eorum
949 704 1165 743 dominium
1192 702 1442 740 nanciscitur.
1461 699 1498 752 l)

301 793 407 830 Novo
441 799 569 828 nostro
605 788 823 826 introducto
858 787 1016 834 codice,
1050 801 1128 824 non
1154 785 1301 822 minora
1319 784 1407 833 jura
1431 782 1526 820 Em-

246 873 458 926 phyteutae
499 870 784 910 adscribuntur.
842 870 938 907 Nam
975 867 1186 906 secundum
1226 865 1331 904 hunc
1368 865 1524 917 plenam

245 954 362 991 habet
395 951 615 990 facultatem
655 949 791 987 utendi
825 949 1081 999 fruendique,
1108 946 1149 999 2)
1189 962 1263 998 qua
1287 947 1415 984 omnia
1436 947 1525 995 jura

245 1046 443 1072 excercere
488 1040 634 1084 potest,
683 1044 779 1081 quae
826 1044 912 1067 cum
951 1029 1124 1067 dominio
1166 1027 1282 1082 fundi
1318 1028 1526 1077 conjuncta

245 1124 347 1154 sunt.
410 1113 537 1152 Habet
574 1126 606 1151 e.
648 1126 682 1164 g.
720 1112 783 1162 jus
825 1111 1044 1149 venationis
1078 1119 1114 1148 et
1150 1109 1400 1162 piscationi53
1437 1121 1524 1145 nam

245 1211 333 1236 cum
362 1195 405 1233 id
430 1196 494 1245 jus
532 1193 839 1232 usufructum-ius
877 1191 1018 1239 habet,
1051 1192 1140 1243 quia
1172 1199 1390 1228 recensetur
1417 1191 1519 1227 inter

247 1293 289 1316 ea
321 1280 434 1329 jura,
475 1290 570 1327 quae
606 1275 781 1326 alioquin
820 1273 1001 1312 dominus
1044 1285 1243 1311 excercere
1275 1272 1440 1324 poterit,
1477 1271 1525 1309 ob

247 1359 408 1398 eandem
448 1358 636 1396 rationem
669 1370 819 1408 quoque
852 1355 903 1394 ad
934 1364 1059 1408 partes
1092 1354 1372 1406 Emphyteutae
1406 1353 1529 1405 perti-

249 1451 326 1480 net.
355 1440 396 1493 3)
451 1440 577 1479 Etiam
609 1438 787 1486 arbores,
828 1451 923 1489 quae
957 1437 1197 1487 dejiciuntur
1230 1449 1323 1473 casu
1347 1435 1527 1482 fortuito⁷

249 1537 281 1562 e.
304 1538 337 1574 g.
361 1524 399 1561 vi
420 1531 645 1568 ventorum,
667 1529 732 1557 aut
753 1532 848 1570 quae
869 1518 1104 1564 moriuntur,
1133 1530 1314 1568 usurpare
1336 1525 1470 1568 potest.
1487 1514 1528 1566 4)

252 1605 332 1641 Hac
379 1605 420 1641 in
468 1617 505 1640 re
537 1604 601 1652 jus
644 1603 726 1651 ejus
766 1600 887 1637 multo
927 1600 1045 1650 magis
1085 1608 1283 1636 extensum
1323 1607 1378 1635 est
1415 1611 1528 1648 quam

252 1685 478 1731 fructuarii,
510 1685 576 1735 qui
598 1692 747 1721 tantum
780 1681 932 1719 arbores
957 1681 1160 1731 frugiferas
1194 1680 1359 1717 retinere
1386 1687 1528 1732 potest,

250 1768 282 1804 si
313 1766 407 1803 alias
438 1766 479 1803 in
511 1777 640 1812 eorum
666 1763 794 1800 locum
825 1762 1019 1814 posuerit,
1047 1760 1088 1813 5)
1125 1770 1163 1799 et
1188 1769 1353 1799 caeteras
1376 1760 1529 1798 arbores

251 1861 341 1886 casu
367 1847 553 1898 dejectas,
580 1845 624 1883 in
651 1853 838 1897 quantum
864 1844 912 1881 iis
932 1843 982 1882 ad
1010 1857 1070 1881 eas
1094 1843 1352 1896 reparationes
1381 1843 1435 1881 uti
1463 1856 1526 1894 po-

253 1938 348 1978 test,
376 1942 471 1980 quae
499 1927 623 1965 facere
649 1935 813 1965 tenetur.
844 1924 885 1978 6)

306 2012 434 2059 Quum
473 2023 576 2047 anno
613 2008 716 2046 1823
752 2007 800 2046 de
835 2007 951 2046 hocce
987 2006 1102 2045 titulo
1128 2006 1371 2044 conficiendo
1397 2005 1529 2057 ageba-

303 2266 334 2305 1)
384 2267 430 2298 Cf.
457 2267 520 2297 Lex
543 2265 608 2305 25,
633 2265 649 2307 ᾗ
674 2263 705 2295 1.
734 2263 771 2297 C.
797 2264 839 2294 de
865 2264 984 2294 usuris.

301 2328 335 2367 2)
384 2330 430 2361 Cf.
455 2340 483 2360 a.
510 2327 597 2367 767,
623 2327 700 2359 Cod.
727 2327 795 2357 Civ.
821 2326 912 2366 Belg.

303 2390 336 2431 3)
385 2393 430 2423 Cf.
457 2403 486 2422 a.
512 2390 578 2421 768
603 2396 638 2421 et
662 2388 726 2420 821
745 2414 753 2428 ,
779 2389 812 2420 C.
838 2390 872 2420 C.
898 2387 988 2427 Belg.

304 2453 336 2493 4)
385 2455 431 2485 Cf.
457 2465 486 2485 a.
512 2452 601 2492 769,
625 2454 658 2485 C.
684 2453 716 2483 C.
743 2451 834 2491 Belg.

303 2515 336 2552 5)
385 2517 430 2547 Cs.
455 2527 484 2546 a.
510 2514 599 2554 818,
624 2516 656 2547 C.
682 2515 715 2545 C.
743 2513 833 2552 Belg.

304 2577 338 2617 6)
388 2578 437 2610 (ts.
465 2589 492 2608 a.
519 2576 606 2616 815,
632 2578 665 2608 c.
693 2578 725 2607 c.
752 2575 844 2614 Belg.

1358 2635 1380 2671 is:
