1711 3047
775 186 832 227 99

156 331 429 377 ἐπιπεπτωκός
459 327 791 380 »Samaritanos,
827 326 895 382 qui
926 341 1024 367 vere
1047 340 1265 368 culusum
1291 326 1335 367 in
1354 325 1453 383 bap-

159 410 308 451 »tismo
345 405 592 458 induerant,
626 405 784 464 Spiritu
815 418 982 461 quoque
1007 406 1094 460 ejus
1124 406 1298 447 vestitos
1331 405 1457 446 fuisse

159 485 424 546 »negandum
449 501 536 528 non
555 496 617 527 est
640 484 749 541 (Gal.
767 484 847 538 ΙΙΙ,
869 482 974 540 24.).
1041 484 1094 524 Et
1112 498 1210 524 sane
1237 499 1368 526 LUCAs
1387 484 1456 525 hic

160 582 269 608 »non
305 565 358 608 de
392 565 608 608 communi
639 563 816 622 Spiritus
849 562 982 620 gratia
1014 562 1222 618 loquitur,
1263 577 1346 618 qua
1380 577 1457 604 nos

157 647 262 688 »sibi
289 647 405 688 Deus
423 646 467 687 in
491 644 598 686 filios
626 651 868 701 regenerat,
896 639 970 683 sed
998 638 1050 682 de
1077 640 1355 698 singularibus
1377 639 1458 680 illis

157 725 303 767 »donis
317 757 328 779 ‚
364 725 513 782 quibus
553 724 783 775 Dominus,
816 720 938 762 initio
974 719 1212 778 Evangelii,
1254 717 1459 776 quosdam

158 821 271 848 »esse
296 803 510 863 praeditos
533 802 692 855 voluit,
716 800 769 843 ad
789 799 1027 842 ornandum
1047 814 1219 841 cnms'n
1241 796 1458 856 regnum.''

161 883 282 937 Quae
299 881 518 924 indefinite
535 880 747 934 dicuntur,
765 878 865 921 inde
881 877 1048 933 definit,
1063 893 1101 920 e.
1115 893 1152 920 c.
1170 892 1334 919 ΜΑΤΤΗ.
1346 875 1462 930 XVI,

162 964 234 1006 28.
257 963 332 1012 ἕως
351 967 407 1006 ἄν
426 963 540 1005 ἴδωσι
562 964 634 1004 τὸν
660 961 748 1004 ὑιόν
772 963 842 1002 τοῦ
863 960 1091 1014 ἀνθρώπου
1115 975 1152 1000 κ.
1166 974 1201 999 τ.
1221 956 1259 999 λ.
1285 955 1465 1013 intelligi

161 1039 353 1080 coelestis
372 1039 533 1096 gloriae
559 1037 941 1078 manifestationem
972 1034 1098 1087 dicit,
1128 1048 1255 1090 quam
1279 1048 1304 1073 a
1333 1047 1467 1074 resur·

157 1117 348 1159 rectione
366 1116 601 1174 auspicatus
615 1125 677 1156 est
701 1129 927 1167 efflusi-us,
949 1123 990 1155 et
1015 1112 1180 1171 plenius
1199 1110 1353 1154 deinde
1372 1111 1466 1170 Spi-

158 1195 287 1237 ritum
306 1210 338 1236 S.
359 1192 569 1236 mittendo
590 1193 781 1235 exhibuit
799 1191 877 1250 (1).
917 1191 1034 1234 Alibi
1057 1207 1145 1232 non
1164 1190 1338 1233 definite
1361 1192 1468 1232 acci-

157 1272 362 1331 piendum
386 1287 474 1314 esse
500 1272 676 1314 verbum
708 1281 877 1325 monet,
905 1286 1070 1312 MATTH.
1097 1270 1200 1324 XX,
1231 1270 1300 1312 28.
1324 1270 1471 1327 λύτρον

157 1353 254 1394 ἀντὶ
278 1351 469 1403 πολλῶν,
504 1350 655 1391 mullos
680 1350 805 1407 ponit
832 1364 920 1390 non
953 1348 1126 1390 definite
1148 1363 1227 1406 pro
1249 1359 1368 1390 certo
1391 1365 1468 1390 nu-

159 1444 307 1482 mero3
338 1427 413 1471 sed
444 1443 523 1486 pro
535 1427 758 1485 pluribus,
793 1427 890 1484 quia
918 1442 962 1469 se
990 1426 1081 1468 aliis
1112 1427 1308 1468 omnibus
1339 1442 1472 1486 oppo-

160 1508 222 1550 nit
243 1507 322 1566 (2).
388 1507 509 1560 Quae
541 1507 722 1548 obscure
746 1505 944 1547 dicuntur
964 1506 1167 1559 illustrat,
1191 1517 1233 1548 et
1254 1506 1315 1548 rei
1339 1507 1468 1549 ratio-

161 1603 260 1629 nem
285 1586 427 1640 addit,
452 1601 617 1628 MATTH.
640 1584 696 1639 V,
719 1588 761 1636 4.
783 1590 972 1641 μακάριοι
995 1588 1034 1628 οἱ
1054 1590 1325 1639 πενθοῦντες,
1350 1587 1472 1643 »quia

163 1666 305 1708 »luctu
321 1666 559 1707 formantur
572 1663 624 1705 ad
642 1663 965 1722 percipiendum
979 1675 1196 1706 aeternum
1213 1664 1411 1723 gaudium
1427 1678 1471 1708 et

166 1744 306 1801 »quasi
323 1743 499 1785 stimulis
518 1743 770 1796 excitantur,
783 1758 838 1784 ne
856 1743 956 1784 alibi
978 1758 1101 1800 quam
1115 1743 1161 1784 in
1177 1744 1270 1785 Deo
1289 1744 1469 1786 solidam

166 1821 530 1862 »consolationem
552 1830 754 1877 quaerant
765 1819 802 1873 ;⁷’
821 1831 864 1861 et
873 1821 971 1863 Act.
989 1822 1042 1873 X,
1062 1824 1135 1873 42.
1156 1826 1290 1878 κριτὴς
1307 1825 1473 1873 ζώντων

163 1902 233 1943 καὶ
257 1903 409 1955 νεκρῶν
440 1899 655 1941 »vivorum
676 1909 718 1942 et
735 1910 1002 1941 mortuorum
1033 1899 1220 1956 judicem
1252 1917 1472 1944 CHRISTUM

165 1979 284 2020 »fore
321 1978 426 2020 dicit
459 1993 648 2031 PE'rnus,
687 1979 808 2035 quia,
845 1979 916 2020 ubi
948 1981 1252 2022 resurrexerint
1285 1983 1468 2035 mortui,

167 2057 320 2098 »etiam
351 2056 423 2113 qui
449 2067 550 2098 tunc
577 2066 701 2098 erunt
730 2057 995 2114 superstites,
1026 2069 1248 2100 momento
1276 2058 1473 2102 immuta-

166 2134 395 2178 »buntur.’'
454 2135 553 2176 Non
575 2135 692 2176 omni
715 2150 787 2176 sua
808 2135 849 2176 vi
870 2136 1000 2177 verba
1021 2151 1108 2178 esse
1129 2137 1395 2195 accipienda,
1416 2139 1474 2180 ait

168 2214 222 2256 ad
256 2229 419 2256 MATTH.
454 2213 516 2268 V,
551 2213 621 2266 34.
655 2217 708 2268 μὴ
738 2215 879 2269 ὀμόσαι
909 2215 1025 2265 ὅλως.
1086 2217 1197 2259 »Ubi
1225 2219 1334 2273 justa
1365 2218 1475 2259 ratio

167 2303 341 2351 »cogat‚
375 2292 443 2334 lex
474 2308 562 2334 non
595 2292 726 2335 modo
763 2294 971 2352 permittit
1001 2296 1163 2351 jurare,
1209 2295 1284 2337 sed
1315 2295 1476 2338 directe

173 2371 323 2413 »etiam
343 2371 503 2426 jubet.''
566 2372 708 2414 Alium
740 2372 920 2414 subinde
945 2372 1098 2427 docet,
1131 2390 1220 2416 esse
1247 2376 1475 2418 verborum

210 2568 260 2606 (ἱ)
286 2568 350 2599 eff.
377 2578 482 2604 nEzA,
512 2579 678 2600 ιἰςοΑτοκ
705 2572 740 2599 et
768 2579 914 2599 cnorum
941 2570 980 2601 ad
1007 2571 1041 2603 h.
1069 2572 1093 2602 l.

209 2624 258 2664 (2)
288 2624 339 2656 Cf.
369 2635 563 2656 orsuAustn
589 2625 628 2656 nd
655 2625 687 2655 h*
717 2626 740 2657 Ι.
