1711 3047
869 154 923 192 92

251 314 269 330 ιο
278 305 319 336 et
329 293 526 334 doctores
538 307 581 333 se
593 293 706 350 ipsos
717 291 954 333 adulterant
964 307 1012 334 ac
1021 293 1222 351 insipidos
1234 294 1436 351 reddunt,
1451 300 1546 354 quia

251 371 485 427 »reliquum
514 369 716 411 mundum
736 370 820 412 sale
837 386 911 411 suo
927 370 1104 412 condire
1126 371 1346 417 debeant.’'
1374 374 1545 433 Saepius

248 448 432 505 propriis
462 449 600 490 verbis
630 448 701 489 dat
725 459 945 506 troporum
960 464 1148 491 sensum:
1169 466 1331 494 MATTH.
1350 452 1450 506 VII,
1478 453 1545 497 13.

250 526 448 569 ἐσέλθετε
473 528 540 569 διὰ
565 532 633 580 τῆς
658 533 795 581 στενῆς
819 528 946 583 πύλης
971 545 1007 569 κ.
1023 546 1059 570 τ.
1078 528 1113 570 λ.
1177 529 1338 571 »Nemo
1359 546 1546 588 unquam

251 605 321 645 »in
349 603 543 646 doctrina
570 620 740 646 CHRISTI
766 607 845 647 rite
876 605 1092 663 proficiet,
1125 607 1195 663 qui
1233 622 1320 648 non
1352 608 1548 651 didicerit

249 698 414 723 »sensus
443 697 539 723 suos
568 693 609 724 et
634 683 808 724 affectus
838 699 984 725 omnes
1010 685 1127 740 quasi
1158 685 1202 725 in
1225 695 1386 726 arctum
1422 703 1546 745 coge-

249 776 339 814 »re,
362 771 408 801 ut
426 776 469 802 se
493 750 603 802 inter
623 762 829 819 angustias
853 763 1118 804 contineant”
1138 763 1223 821 (1);
1257 765 1355 807 Act.
1375 764 1457 818 IX,
1479 765 1547 808 31.

247 841 293 880 αἱ
325 839 531 894 ἐκκλησίαι
567 867 619 874 —-
655 840 984 895 οἶκοδομούμεναι
1020 859 1057 883 κ.
1081 859 1116 884 τ.
1142 842 1179 884 λ.
1215 842 1552 899 aedificabantur

247 927 402 960 coetus.
467 918 742 976 »Metaphora
782 919 961 962 aedificii
997 921 1157 977 optime
1195 922 1414 975 convenit,
1453 922 1551 978 quia

249 996 464 1037 »Ecclesia
500 997 704 1054 templum
740 1007 802 1038 est
831 1013 879 1038 ac
914 997 1064 1039 domus
1097 998 1192 1039 DEI⁷⁹
1218 999 1294 1055 (2).
1358 999 1549 1040 Necessi-

248 1083 377 1114 tatem
410 1073 549 1130 plures
584 1074 695 1115 inter
732 1075 1001 1132 metaphoras
1029 1086 1144 1117 recte
1171 1074 1400 1131 dijudicat,
1442 1075 1540 1117 Act.

245 1150 373 1203 VIII,
418 1151 489 1193 23.
534 1155 588 1199 εἷς
629 1153 751 1207 χολὴν
794 1154 957 1207 πικρίας
995 1156 1064 1194 καὶ
1109 1155 1329 1206 σύνδεσμον
1367 1154 1542 1201 ἀδικίας.

246 1228 396 1269 Priore
425 1230 695 1285 metaphora,
736 1228 862 1269 ducta
896 1244 947 1270 ex
978 1230 1106 1272 Deut.
1140 1230 1307 1282 XXIX,
1347 1230 1418 1270 28.
1441 1229 1548 1271 inte-

247 1307 406 1347 riorem
444 1305 584 1346 cordis
621 1306 825 1347 malitiam
856 1307 1015 1360 notari,
1051 1308 1128 1360 ait,
1155 1322 1283 1363 quum
1318 1306 1544 1363 impietatis

246 1385 360 1426 virus
391 1383 450 1424 ita
472 1385 693 1442 concepit,
729 1395 777 1425 ut
812 1399 864 1425 eo
891 1385 1121 1438 imbutum,
1151 1384 1255 1425 nihil
1280 1400 1404 1441 quam
1430 1399 1544 1426 ama-

245 1460 475 1503 ritudinem
510 1462 702 1519 proferre
730 1472 870 1518 queat.
934 1461 1096 1503 Eodem
1135 1473 1296 1519 spectat
1329 1463 1544 1517 σύνδεσμος

246 1542 432 1593 ἀδικίας,
464 1557 592 1597 quum
616 1541 708 1584 scil.
734 1551 872 1583 totum
895 1557 971 1583 cor
994 1541 1183 1583 vinctum
1204 1552 1246 1584 et
1271 1542 1544 1584 constrictum

245 1629 411 1662 tenetur
434 1620 511 1678 (3).

837 1779 944 1840 §a

765 1934 1020 1976 Parabolae.

303 2094 353 2135 In
391 2091 688 2149 parabolarum
729 2090 1078 2148 interpretatione
1122 2089 1304 2132 maxime
1345 2089 1542 2132 excelluit

247 2187 472 2224 cALvmth,
496 2171 649 2212 iterum
672 2171 908 2226 iterumque
927 2184 1119 2222 monens,
1139 2185 1227 2210 non
1245 2168 1432 2228 urgenda
1453 2184 1541 2211 esse

246 2250 407 2308 singula
437 2264 579 2290 earum
610 2248 825 2301 membra,
859 2246 933 2289 sed
958 2247 1262 2290 attendendum
1290 2262 1400 2301 esse,
1440 2245 1540 2303 quid

289 2460 341 2500 (l)
367 2460 429 2491 eff.
458 2469 607 2490 uxorius
634 2462 669 2490 et
693 2470 844 2491 mmmm.
869 2460 909 2491 ad
934 2460 969 2492 h.
995 2461 1021 2492 1.

287 2515 338 2556 (2)
363 2515 425 2546 Cff.
451 2515 568 2557 optimi
593 2515 807 2557 interpretes.

285 2571 338 2612 (3)
364 2571 424 2603 Cst'.
453 2581 559 2610 atu,
588 2581 736 2603 uno-nus
763 2576 797 2605 et
823 2582 1015 2604 ozsmusmv
1041 2572 1081 2604 ad
1106 2572 1141 2605 h.
1168 2572 1192 2604 Ι.
