1711 3047
789 189 846 229 85

172 331 304 389 telligi
321 327 478 370 dicens.
514 326 705 368 Primum
728 336 817 368 erat
832 325 1013 380 Pascha,
1030 326 1129 369 ideo
1146 328 1367 386 probabile
1381 344 1469 370 esse

171 411 251 462 ait,
276 419 378 449 tunc
403 407 527 448 fuisse
555 406 774 464 primitias,
815 403 965 446 Fidem
994 406 1249 463 scriptorum
1278 407 1320 449 S.
1338 406 1472 448 vindi-

171 497 242 528 cat
272 501 435 527 MATTH.
476 485 621 538 XVII,
663 501 698 527 1.
741 484 836 539 μεθ’
871 483 1019 540 ἡμέρας
1052 486 1116 539 ἕξ,
1148 486 1293 528 Mine.
1324 487 1406 541 IX,
1427 502 1469 529 2.

171 565 440 607 MATTHAEUS
471 574 513 605 et
547 579 715 605 MARCUS
755 579 845 616 seX,
881 578 1012 604 LUCAs
1048 575 1149 605 octo
1186 565 1328 607 habet.
1393 565 1475 606 Hic

172 659 274 686 vero
312 655 399 685 tam
435 643 573 697 diem,
621 658 705 700 quo
741 642 907 684 locutus
946 653 1035 684 erat
1075 658 1302 696 cnmsrns,
1351 658 1476 700 quam

177 738 262 780 quo
313 721 630 763 transformatus
675 731 764 774 est,
819 720 1140 779 comprehendit
1174 721 1477 779 (1).Sospi—

176 811 359 843 tatorem
391 810 505 842 recte
535 800 666 858 egisse
697 797 848 840 exinde
877 798 1004 841 docet
1036 799 1089 840 ad
1124 815 1286 841 MATTH.
1306 799 1474 853 XXVI,

182 895 247 938 17.
291 885 342 935 τῇ
381 883 520 936 πρώτῃ
567 882 650 923 τῶν
692 879 868 932 ἀζύμων.
919 893 1050 920 MARC.
1090 878 1217 932 XVI,
1269 879 1335 920 16.
1377 893 1474 920 LUC.

174 960 318 1012 XXII,
368 974 409 1014 9.
456 958 644 999 scribens
676 973 719 999 se
749 972 837 998 non
872 956 1090 1010 dubitare,
1135 957 1235 1013 quin
1268 957 1478 1014 legitimus

174 1036 262 1077 dies
294 1037 339 1075 in
379 1034 547 1076 edendo
578 1036 782 1076 Paschate
815 1036 1059 1076 observatus
1092 1035 1239 1087 fuerit,
1285 1045 1327 1075 et
1364 1044 1482 1076 extra

173 1113 506 1156 controversiam
552 1127 654 1166 esse,
701 1111 837 1169 pridie
893 1111 1067 1153 Sabbati
1119 1113 1309 1153 occisum
1355 1111 1480 1154 fuisse

173 1206 407 1234 cnms‘rum.
452 1189 599 1231 Judaei
630 1205 755 1243 vero,
782 1205 911 1246 quum
935 1189 1022 1230 dies
1047 1190 1141 1231 festi
1165 1189 1411 1232 incidebant
1435 1191 1480 1232 in

174 1269 286 1312 diem
327 1271 519 1321 veneris,
568 1271 806 1324 rejecerunt
845 1268 890 1309 in
930 1266 1042 1309 diem
1091 1279 1331 1325 posterum,
1380 1269 1480 1326 quia

170 1347 334 1406 populo
387 1346 511 1387 nimis
561 1344 690 1387 durae
734 1356 854 1387 erant
896 1346 1123 1387 continuae
1167 1346 1287 1387 bidui
1327 1348 1474 1390 feriae.

168 1425 280 1465 vSatis
308 1424 530 1482 probabile
563 1425 691 1482 igitur
722 1435 808 1478 est,
839 1439 1082 1478 CHRISTUM,
1114 1426 1184 1482 qui
1209 1424 1346 1483 pridie
1377 1426 1480 1468 Sab-

169 1503 259 1544 bati
291 1503 452 1544 Pascha
481 1502 732 1554 celebravit,
767 1501 987 1544 definitum
1010 1504 1148 1562 alege
1183 1504 1296 1546 diem
1327 1521 1480 1547 servas-

170 1597 215 1624 se
238 1581 312 1638 (2).
364 1580 645 1622 Difficultates
683 1580 841 1623 enodat
876 1597 973 1624 Luc.
1003 1583 1067 1636 II,
1098 1599 1139 1626 2.
1162 1588 1301 1640 πρώτη
1321 1586 1479 1638 ἐγένετο

171 1677 209 1703 κ.
257 1677 295 1702 τ,
333 1659 370 1702 λ.
411 1669 561 1717 putans
602 1660 712 1701 hanc
756 1659 1113 1718 descriptionem,
1165 1663 1348 1705 tumultu
1399 1680 1477 1722 po-

169 1738 285 1796 puli,
317 1737 369 1780 ad
403 1748 568 1796 tempus
597 1753 685 1779 esse
714 1738 992 1795 impeditum,
1026 1752 1254 1798 propterea
1285 1741 1477 1785 additum

168 1816 295 1858 fuisse
322 1817 417 1858 vice
443 1816 719 1858 correctionis
744 1819 848 1872 αὕτη
875 1824 900 1872 ἠ
923 1819 1139 1875 ἀπογραφὴ
1158 1823 1297 1876 πρώτη
1320 1823 1478 1874 ἐγένετο

169 1913 208 1939 κ.
247 1914 285 1940 τ.
324 1896 361 1938 λ.
402 1897 433 1939 i.
480 1912 519 1939 e.
562 1901 749 1954 primum
791 1897 852 1938 ad
894 1898 1093 1955 effectum
1131 1901 1343 1956 ,perducta
1391 1911 1473 1954 est,

168 1989 358 2017 omnmo
385 1977 531 2030 Syriae
547 1976 764 2032 praeside.
822 1976 936 2017 Anni
958 1987 1123 2036 tempus
1144 1979 1352 2037 significat
1373 1982 1472 2025 Act.

167 2052 350 2106 XXVII,
394 2068 436 2109 9.
472 2054 540 2096 διὰ
572 2057 618 2095 τὸ
649 2055 717 2096 καὶ
755 2057 830 2108 τὴν
865 2057 1054 2110 νηστείαν
1089 2059 1166 2112 ἤδη
1196 2060 1474 2115 παρεληλύθε-

167 2149 253 2176 von.
315 2132 572 2174 »Probabile
599 2143 688 2186 est,
713 2133 865 2175 festum
889 2136 1139 2193 expiationis
1163 2138 1361 2197 intelligi,
1386 2155 1471 2197 quo

205 2389 258 2434 (l)
283 2390 335 2422 cf.
363 2399 449 2420 13sz
475 2389 516 2421 ad
550 2399 657 2421 unci
684 2390 810 2426 locum.
859 2392 927 2424 Alii
960 2404 991 2426 e.
1021 2405 1054 2436 g.
1086 2405 1261 2436 ano-rius,
1298 2409 1476 2440 numen,

287 2455 473 2478 rnlrzscnss
501 2449 640 2477 monent
667 2457 778 2477 tuum
801 2458 869 2478 non
897 2454 1054 2483 accurate
1068 2453 1242 2485 tradidisse
1265 2466 1455 2491 numerum.

204 2500 256 2543 (2)
284 2501 335 2532 Cf.
354 2511 437 2531 ΒεΖΛ
454 2524 463 2539 ,
479 2502 538 2542 qui
552 2502 594 2533 ab
609 2502 673 2534 hac
690 2504 849 2545 opinione
869 2515 935 2536 non
954 2511 1007 2538 est
1027 2509 1156 2541 alienus
1171 2533 1179 2548 ‚
1198 2512 1276 2543 item
1289 2524 1454 2546 SCALIGER
1467 2538 1477 2554 ,

287 2566 529 2597 munnonus,
558 2569 764 2599 cunnus,
792 2571 962 2602 mamus,
991 2566 1049 2605 qui
1077 2567 1227 2599 citantur
1255 2579 1478 2603 axumonuo
1515 2566 1522 2571 ’

287 2611 326 2641 ad
352 2611 388 2645 h.
417 2613 440 2646 l.
