1711 3047
890 161 948 206 98

272 303 362 346 scil.
391 311 433 344 et
462 302 660 346 mulieres
688 312 731 345 et
753 318 856 346 vero
886 302 1012 345 etiam
1039 318 1212 348 MAmAM
1241 306 1453 365 amplexas
1482 323 1570 351 esse

273 396 444 423 CHRISTI
457 380 610 439 pedes,
628 381 790 439 aliaque
807 397 984 423 numero
999 382 1143 437 multa,
1161 398 1288 440 quae,
1308 386 1575 429 observando

274 458 578 517 cogitationum
606 475 739 514 nexu,
770 476 794 502 e
819 470 1018 502 contextu
1049 460 1276 505 derivanda
1308 476 1422 519 sunt,
1456 465 1571 523 quod

274 537 419 579 videre
449 548 511 580 est
543 554 594 580 ex
613 538 729 581 Part.
763 539 851 593 III,
884 539 986 597 Cap.
1010 540 1045 582 Ι.
1080 543 1102 592 5
1129 555 1179 594 2,
1214 542 1287 583 ubi
1317 542 1370 584 de
1391 544 1441 585 iis
1470 543 1573 586 dixi·

271 631 387 669 inus,
423 631 528 674 quae
549 632 756 660 cAnvnws
778 629 1002 660 contextae
1026 619 1229 661 orationis
1248 635 1331 678 ope
1352 623 1568 680 explicuit.

337 695 527 736 Tandem
544 697 674 737 verbo
691 697 818 738 etiam
839 696 1066 739 dicendum
1084 708 1145 740 est
1166 696 1218 739 de
1236 700 1463 754 majoribus
1478 716 1572 743 ora-

277 772 400 813 tionis
409 773 615 830 partibus.
637 774 679 816 Ν
680 789 736 816 on
748 775 1002 833 singularum
1011 776 1309 819 tantummodo
1321 792 1474 819 vocum
1487 779 1572 820 vim

273 865 360 893 esse
374 850 678 907 definiendam,
695 852 768 895 sed
781 854 1021 912 interpretis
1037 854 1082 896 id
1098 871 1185 897 esse
1205 856 1366 914 saepius
1383 856 1509 910 dixit,
1527 868 1574 899 ut

272 930 492 971 scribentis
515 929 745 974 dicentisve
767 931 882 974 ideas
906 933 1120 987 observet,
1155 935 1440 992 orationisque
1464 951 1573 977 sum·

270 1022 384 1049 mam
420 1010 566 1066 paucis
598 1011 737 1052 verbis
781 1022 978 1069 exponat.
1041 1011 1166 1064 Quod
1196 1014 1378 1054 maxime
1409 1015 1494 1071 egit
1526 1015 1571 1054 in

271 1086 569 1143 parabolarum
589 1088 957 1146 interpretatione,
973 1088 1060 1131 vid.
1079 1090 1183 1147 Cap.
1200 1090 1275 1132 III.
1295 1094 1374 1144 52,
1391 1091 1452 1132 uti
1470 1101 1512 1132 et
1529 1091 1572 1133 in

271 1164 529 1221 explicandis
550 1167 836 1219 sermonibus,
870 1177 960 1207 tum
990 1182 1014 1207 a
1040 1182 1137 1207 JESU
1162 1182 1366 1220 emus'ro,
1399 1178 1488 1209 turn
1521 1169 1575 1209 ab

272 1241 490 1298 Apostolis
524 1242 699 1299 aliisque
730 1243 912 1285 habitus.
977 1241 1073 1295 Qua
1106 1243 1275 1300 quidem
1308 1245 1352 1284 in
1381 1259 1448 1298 re,
1479 1259 1574 1286 ora-

276 1319 401 1361 tionis
439 1320 645 1362 divisione
682 1321 726 1362 in
766 1321 905 1378 capita
941 1330 984 1362 et
1017 1321 1251 1376 sectiones,
1286 1337 1373 1363 non
1408 1336 1574 1380 semper

271 1402 402 1451 justos
433 1398 555 1441 dictis
588 1401 690 1457 poni
723 1400 926 1442 terminos
955 1399 1172 1442 indicavit.

876 1555 983 1619 §2

683 1715 915 1756 Doctrinae
944 1715 1162 1772 analogia.

334 1869 407 1909 Est
429 1865 601 1925 quidem
628 1868 733 1909 boni
760 1867 1002 1925 interpretis
1029 1877 1233 1922 statuere,
1269 1868 1312 1912 S.
1340 1869 1577 1928 Scriptores

278 1947 431 1989 auxilio
459 1946 605 1988 divino
630 1946 828 2004 singulari
861 1945 1024 2002 adjutos
1054 1946 1286 2003 scripsisse3
1320 1956 1505 1988 attamen
1529 1963 1579 1989 ex

278 2042 452 2068 cALv1N1
467 2026 671 2067 sententia
683 2057 694 2079 ,
708 2040 796 2066 non
810 2025 1070 2083 singulorum
1083 2025 1309 2066 verborum
1319 2025 1379 2066 vis
1390 2041 1582 2084 premen—

278 2104 333 2146 da
351 2115 433 2158 est,
450 2103 524 2146 sed
546 2104 673 2144 totius
686 2103 903 2161 Evangelii
928 2102 1183 2145 attendenda
1201 2113 1262 2145 est
1284 2103 1469 2158 indoles,
1487 2105 1578 2146 nul-

278 2185 401 2241 laque
432 2183 517 2224 loci
550 2182 800 2239 explicatio,
833 2180 1052 2223 doctrinae
1084 2182 1366 2235 Christianae,
1410 2181 1577 2224 aliunde

268 2263 373 2303 satis
391 2262 585 2319 cognitae
599 2275 856 2318 repugnanS,
877 2259 1040 2301 admitti
1059 2270 1215 2318 potest.
1250 2260 1372 2301 Hanc
1390 2261 1576 2319 regulam

279 2340 518 2399 generalem
551 2339 743 2380 sumsisse
778 2354 900 2392 eum,
932 2349 1109 2396 utraque
1139 2339 1228 2380 fere
1252 2339 1405 2397 pagina
1430 2338 1576 2391 docet,

278 2429 325 2460 ut
347 2418 454 2460 adeo
475 2419 559 2460 hoc
579 2418 751 2459 nomine
775 2416 889 2458 haud
910 2417 1055 2475 exigua
1079 2419 1166 2472 ejus
1188 2418 1269 2458 sint
1297 2417 1458 2459 merita.
1517 2417 1580 2458 Ita

279 2513 384 2555 quae
427 2497 471 2538 in
513 2511 665 2555 genere
708 2495 935 2550 dicuntur,
983 2495 1029 2537 in
1069 2496 1210 2553 specie
1251 2494 1455 2536 sumenda
1492 2509 1579 2536 esse

279 2575 406 2619 docet
443 2577 540 2620 Act.
577 2575 700 2629 VIII,
747 2575 811 2618 16.
843 2580 956 2620 οὔπω
992 2578 1071 2630 γὰρ
1101 2574 1151 2630 ἦν
1185 2575 1249 2619 ἐπ’
1284 2575 1417 2619 οὐδενὶ
1446 2575 1583 2618 ἀυτῶν
