1711 3047
799 158 849 199 15

166 299 338 342 Scilicet
375 297 567 339 nonnulli
594 296 808 340 Ecclesiae
837 296 982 338 Patres
1018 295 1068 337 ad
1104 312 1255 339 PAPIAE
1287 297 1475 338 testimo·

164 378 282 419 nium
314 387 629 435 provocarunt,
673 377 882 418 Hebraice
903 391 925 417 a
945 391 1178 418 MA'rTnAEo
1202 378 1476 436 Evangelium

166 471 255 498 esse
287 456 596 513 conscriptum,
632 455 892 497 affirmantis.
957 454 1081 497 Unde
1102 455 1284 509 factum,
1319 466 1364 497 ut
1389 456 1477 513 qui-

168 534 264 576 dam
295 535 546 592 interpretes
576 535 653 576 sibi
687 549 928 592 persuasum
950 534 1179 587 haberent,
1213 550 1333 575 usum
1355 533 1480 576 fuisse

167 629 439 656 MATTHAEUM
460 615 503 655 iu
528 613 778 667 scribendo,
802 613 964 671 lingua,
991 623 1091 653 tunc
1111 612 1314 670 temporis
1333 612 1377 652 in
1400 612 1478 652 Pa-

167 692 344 734 laestina
362 693 531 746 usitata,
554 692 922 749 Syro-Chaldaica.
970 692 1095 747 Cujus
1114 691 1326 749 opinionis
1341 702 1481 749 patro-

169 771 232 812 nis
257 786 280 811 e
304 771 617 813 recentionibus
638 771 818 813 maxime
841 769 1124 812 accensendus
1141 781 1203 812 est
1224 774 1480 823 meluens,

171 850 241 906 qui
261 865 388 891 omne
407 850 564 907 ingenii
585 865 764 892 acumen
786 849 990 903 intendit,
1025 848 1078 890 ad
1098 850 1207 891 hanc
1227 850 1481 891 sententiam

172 925 552 982 comprobandam.

231 1003 535 1045 Verumtamen
565 1003 759 1057 serioris,
795 1005 1013 1060 nostrique
1031 1005 1235 1062 temporis
1254 1005 1482 1063 Theologi,

172 1096 295 1124 causa
315 1082 551 1123 accuratius
565 1083 865 1141 pervestigata,
883 1098 970 1124 non
987 1082 1215 1137 Hebraice,
1229 1082 1302 1125 sed
1324 1084 1485 1126 Graece

172 1161 384 1219 scripsisse
419 1176 717 1216 MATTHAEUM,
751 1162 929 1220 professi
956 1173 1054 1203 sunt
1088 1161 1164 1219 (1)
1230 1162 1369 1215 Quam
1392 1179 1485 1205 sen·-

172 1241 347 1282 tentiam
373 1250 420 1281 ut
445 1251 691 1298 sequeretur
720 1241 847 1282 etiam
879 1251 1044 1295 noster,
1077 1257 1170 1282 cum
1199 1241 1289 1282 aliis
1311 1242 1485 1283 rationi-

171 1319 272 1372 bus,
308 1327 392 1360 tam
424 1334 591 1360 MICHAE
625 1320 746 1373 loco,
779 1319 891 1377 apud
922 1335 1194 1361 MATTHAEUM
1227 1320 1382 1374 obvio,
1415 1320 1487 1362 ad·

173 1395 323 1438 ductus
342 1407 426 1451 est,
451 1396 557 1439 adeo
581 1409 628 1439 ut
645 1397 798 1440 diserte
819 1398 952 1452 dicat,
978 1399 1149 1457 »lingua
1168 1399 1381 1441 Hebraica
1402 1415 1487 1441 non

160 1477 308 1532 juisse
337 1481 608 1534 compositum
635 1477 690 1518 ab
721 1493 770 1518 eo
797 1478 1109 1535 Evangelium''
1128 1477 1216 1520 vid.
1245 1477 1298 1519 ad
1318 1493 1483 1521 MATTH.

175 1553 229 1594 II.
265 1553 308 1595 6.

777 1692 884 1756 §2

319 1853 570 1908 Consilium,
605 1870 686 1913 quo
717 1861 955 1913 conscrzpta
983 1862 1073 1899 sint
1099 1858 1352 1916 Evangelia.
1401 1896 1406 1903 t

238 2025 366 2078 Quod
385 2026 533 2069 attinet
551 2037 692 2068 autem
712 2026 765 2068 ad
780 2028 1022 2082 consilium,
1046 2044 1131 2085 quo
1147 2030 1389 2088 conscripta
1404 2031 1487 2073 sint

178 2104 425 2162 Evangelia,
456 2105 541 2147 hoc
564 2114 650 2147 tum
673 2121 722 2148 ex
744 2105 1091 2149 denominatione
1112 2109 1228 2150 vocis
1251 2110 1486 2163 εὐαγγέλιον

220 2310 271 2352 (l)
296 2310 373 2345 vid.
389 2321 419 2342 c.
436 2322 467 2343 ιτ.
486 2321 520 2343 Δ.
537 2321 702 2342 musena
715 2332 725 2350 ‚
756 2311 1012 2344 Commentario?
1021 2315 1191 2355 perpetui
1204 2315 1244 2346 in
1259 2314 1495 2358 Evanqelium

301 2368 491 2401 Matthaei.
531 2369 820 2401 Introductionie
852 2370 867 2413 ς
893 2369 928 2402 4.
977 2381 1007 2404 s.
1035 2381 1066 2404 ι.
1095 2381 1186 2411 uua,
1216 2372 1428 2418 Einleituny
1454 2377 1495 2408 in

301 2425 360 2457 die
396 2425 582 2468 Schriften
618 2427 678 2457 cles
716 2425 758 2459 Ν.
805 2427 844 2459 Τ.
882 2427 992 2458 Dritte
1029 2428 1172 2470 Auflage
1209 2430 1268 2462 Th.
1308 2432 1352 2463 11.
1395 2433 1408 2474 §
1440 2433 1493 2464 12.

237 2483 241 2487 '
300 2491 330 2514 s.
357 2492 390 2513 ιι.
415 2492 448 2515 v.
480 2493 514 2515 n.
542 2492 653 2521 um,
698 2482 872 2525 Vollediqe
899 2484 1205 2527 aaozteekeninqen
1231 2490 1284 2518 iot
1310 2488 1352 2518 de
1375 2493 1494 2520 verta·

301 2538 378 2581 linq
410 2540 469 2571 des
503 2539 654 2583 szbels,
691 2540 749 2572 hic
785 2540 856 2572 illic
892 2544 927 2572 et
964 2551 997 2571 ιι.
1036 2552 1253 2581 οιειιᾼΰηπ,
1293 2543 1496 2578 ΒίὸῖίεοΙιεν

305 2594 542 2628 Commemar.
573 2596 682 2627 Dritte
707 2595 846 2638 Auflage
868 2596 1062 2638 Einleitung
1086 2598 1100 2640 ς
1125 2598 1146 2629 4
1173 2598 1241 2630 alii.
