1711 3047
790 181 871 225 129

164 324 502 382 commentato),
530 334 914 367 ANABAPTISTARUM
941 321 1090 365 deliria
1106 321 1182 381 (2).
1247 322 1385 365 Porro
1408 337 1471 366 reo

161 403 350 444 futantur
383 402 722 444 Christianorum
759 401 1016 454 sententiae,
1062 401 1134 458 qui
1165 415 1385 443 cnmsrum
1417 400 1472 444 ad

161 482 319 523 inferos
351 480 616 523 descendisse
653 478 917 522 contendunt
935 478 997 536 (3)
1029 490 1072 520 et
1107 480 1178 536 qui
1208 479 1412 537 Spiritum
1443 495 1469 522 a

160 559 273 603 Filio
310 559 544 617 procedere
585 569 740 617 negant
775 557 853 615 (4).
917 557 1026 599 Prae
1066 560 1242 600 caeteris
1283 574 1386 601 vero
1424 559 1471 600 in

162 638 682 681 Romano-catholicorum
707 636 959 678 commentis
989 635 1230 678 refellendis
1253 647 1468 690 versatur,

165 716 280 775 quod
297 733 347 759 ex
369 717 595 774 temporis,
619 731 704 773 quo
722 715 844 769 vixit,
863 715 1028 757 ratione
1048 731 1277 772 rerumque
1297 715 1471 772 adjunc-

163 796 247 850 tis,
285 796 329 837 in
365 796 514 852 quibus
551 795 631 836 fuit
667 794 856 852 positus,
893 793 1017 835 facile
1055 804 1118 835 est
1154 793 1469 852 explicandum.

163 875 228 917 Ita
258 874 582 916 Pontificiorum
614 884 657 915 et
683 874 786 915 ritus
815 883 858 915 et
883 871 1124 914 doctrinam
1150 882 1348 916 accurate
1377 871 1473 913 dili-

164 964 395 1012 genterque
423 951 612 1010 explodit
640 951 718 1010 (5).
781 951 936 994 Iisdem
968 962 1211 1009 temporum
1246 965 1474 1009 rerumque

161 1031 373 1087 adjunctis
402 1031 674 1073 tribuendum
700 1042 784 1085 est,
818 1030 933 1088 quod
958 1042 1001 1072 et
1025 1019 1476 1072 Romano-Catholicos

164 1119 208 1152 et
238 1124 483 1162 smwmum,
517 1107 732 1150 interdum
768 1109 966 1161 nauium,
1004 1108 1265 1165 papistarum
1300 1089 1476 1164 aliisque

164 1189 406 1231 nominibus
430 1199 580 1242 vocet,
610 1203 767 1244 eosque
788 1187 981 1229 universe
1005 1202 1102 1228 cum
1120 1197 1340 1228 contemtu
1360 1202 1477 1229 com-

165 1278 391 1310 memoret.
454 1266 680 1308 Praeterea
716 1270 902 1307 animam
929 1264 1080 1306 habuit
1104 1264 1165 1305 ad
1176 1270 1344 1322 praxim
1374 1281 1478 1322 pro·

168 1346 312 1389 clinem
327 1378 339 1400 ,
359 1344 473 1388 unde
501 1345 589 1388 fere
608 1345 766 1402 ubique
785 1343 970 1386 ostendit
989 1342 1172 1386 studium
1185 1374 1197 1398 ,
1218 1358 1318 1386 vera
1337 1344 1478 1385 homi-

205 1556 259 1598 (1)
283 1555 334 1588 Ad
359 1565 494 1590 turra.
519 1555 600 1594 XV,
632 1555 689 1586 22.
739 1555 818 1589 Luc.
846 1555 884 1595 1,
919 1555 978 1589 32.
1027 1555 1132 1587 Jon‘v.
1159 1555 1198 1593 Ι,
1233 1554 1265 1588 1.
1297 1554 1351 1587 14,
1400 1554 1481 1589 Act.

290 1613 362 1651 XV,
392 1613 446 1646 11.
472 1614 527 1646 XX
545 1635 554 1652 ‚
581 1613 641 1646 28.

206 1667 260 1711 (2)
286 1668 335 1700 Ad
352 1678 487 1701 turm.
502 1669 543 1706 V,
565 1669 622 1700 11.
637 1666 694 1700 34.
712 1667 818 1705 XIII,
835 1667 894 1700 39.
909 1666 1025 1704 XVII,
1041 1665 1102 1700 26.
1118 1665 1193 1698 XIX
1207 1688 1217 1704 ,
1242 1665 1297 1698 14.
1314 1665 1479 1703 XXVIII,

293 1725 348 1757 19.
392 1725 470 1756 ch.
492 1725 579 1762 XII,
604 1723 657 1755 14.
705 1724 809 1755 Jom.
833 1724 871 1760 1,
899 1724 954 1756 14.
978 1723 1046 1761 IV,
1071 1722 1104 1753 2.
1128 1723 1228 1762 XIV,
1255 1722 1312 1756 26.
1336 1723 1406 1763 XV,
1428 1723 1485 1755 19.

292 1781 370 1812 Act.
400 1781 458 1818 ιι,
485 1781 543 1812 39.
570 1779 627 1810 44.
653 1771 722 1819 111,
748 1779 807 1812 25.
834 1771 942 1817 vm,
972 1778 1025 1812 12.
1053 1778 1110 1813 37.
1135 1779 1205 1818 xi,
1236 1778 1290 1812 17.

205 1835 259 1877 (3)
283 1837 334 1867 Ad
359 1837 439 1869 Act.
467 1835 523 1873 11,
551 1834 611 1867 27.

207 1890 260 1932 (4)
286 1892 338 1923 Ad
361 1902 462 1924 son.
489 1891 560 1929 XV,
588 1890 646 1922 26.

207 1948 260 1990 (5)
285 1948 337 1980 Ad
365 1957 496 1980 nnn-ru.
523 1948 579 1985 11,
610 1947 640 1978 l.
666 1946 741 1983 ΠΙ,
766 1945 802 1977 6.
831 1944 891 1982 IV,
921 1944 976 1977 lo.
1005 1943 1048 1982 V,
1074 1943 1127 1975 12.
1153 1944 1208 1977 13.
1229 1944 1289 1977 26.
1317 1944 1423 1983 VIII,
1452 1943 1486 1976 4.

291 2004 318 2035 X
331 2025 339 2040 ‚
365 2004 401 2036 2.
418 2005 505 2041 XII,
528 2003 584 2034 32.
602 2001 659 2034 37.
677 2002 766 2037 XIV,
789 2001 847 2032 36.
863 2001 933 2038 XV,
956 2001 1013 2032 32.
1029 2000 1106 2033 XVI
1120 2023 1129 2040 ,
1150 2002 1202 2033 19.
1218 2002 1335 2039 XVII,
1352 2002 1410 2034 21.
1427 2001 1486 2033 26.

291 2059 424 2096 XVIII,
447 2059 506 2090 34.
524 2057 657 2096 XXIII,
685 2058 742 2089 29.
759 2057 860 2094 XXV,
883 2057 940 2088 35.
958 2057 1085 2094 XXVI,
1112 2058 1172 2091 26.
1211 2058 1321 2089 Mum.
1342 2056 1408 2097 VI,
1430 2059 1484 2092 13.

291 2114 340 2153 X,
370 2114 427 2146 21.
453 2113 551 2151 XIV,
575 2113 632 2146 23.
685 2113 763 2145 Luc.
789 2112 827 2151 1,
859 2111 912 2145 14.
936 2112 996 2145 23.
1020 2112 1078 2146 28.
1104 2112 1161 2146 48.
1185 2114 1245 2151 IV,
1275 2114 1327 2145 16.
1351 2114 1402 2153 X,
1429 2115 1485 2148 16.

293 2170 381 2207 XII,
414 2168 466 2200 14.
495 2169 585 2208 XVI,
613 2168 668 2200 27.
697 2168 814 2207 XVII,
847 2167 900 2199 14.
927 2168 1008 2206 XX,
1043 2169 1100 2200 38.
1125 2169 1245 2207 XXIV,
1273 2170 1330 2202 39.
1379 2171 1488 2204 Jonr.

290 2226 330 2264 Ι,
354 2225 410 2258 43.
433 2226 488 2263 II,
512 2226 532 2256 4
571 2224 612 2263 V,
635 2225 692 2256 29.
718 2221 787 2263 VI,
815 2223 1001 2263 45.v111‚
1029 2223 1191 2263 11.X11,
1215 2226 1272 2257 21.
1298 2226 1405 2266 XIII,
1433 2227 1490 2260 14.

293 2282 350 2313 20.
378 2282 477 2320 XIV,
514 2281 572 2312 23.
599 2281 659 2314 26.
687 2279 789 2320 XVI,
830 2281 882 2313 12.
916 2281 1016 2320 XIX,
1054 2281 1110 2312 30.
1139 2283 1220 2321 XX,
1262 2282 1316 2315 17.
1343 2284 1403 2316 23.
1431 2283 1491 2316 29.

292 2338 392 2377 XXI,
421 2338 475 2371 15.
528 2340 604 2370 Act.
630 2336 669 2376 Ι,
702 2337 754 2368 11.
785 2337 839 2368 13.
868 2337 928 2374 11,
953 2337 1011 2369 38.
1042 2337 1119 2376 111,
1150 2338 1204 2370 12.
1238 2338 1292 2370 19.
1319 2339 1406 2376 VII,
1431 2338 1491 2371 43.

292 2393 401 2431 VIII,
433 2394 486 2426 16.
509 2394 578 2431 IX,
612 2392 665 2426 17.
693 2393 747 2431 X,
773 2390 808 2425 4.
833 2392 890 2423 25.
912 2391 966 2423 47.
997 2392 1103 2430 XIII,
1132 2393 1166 2426 2.
1195 2393 1249 2426 15.
1273 2394 1417 2432 39.XV,
1433 2394 1493 2427 28.

293 2449 388 2480 xvu
402 2471 412 2487 ,
438 2450 541 2481 3.29.
559 2448 617 2482 34.
632 2449 729 2487 XIX,
745 2449 780 2482 6.
808 2448 861 2481 18.
911 2449 989 2480 'ram
1006 2450 1140 2493 copiosa
1156 2451 1292 2482 omnino
1313 2453 1393 2482 sunt
1406 2461 1494 2492 quae

294 2508 451 2546 spectant
485 2505 910 2537 Romano-Catholicorum
947 2506 1033 2538 ritus
1069 2510 1104 2538 et
1139 2507 1349 2544 doctrinam,
1387 2509 1427 2537 ut
1452 2517 1492 2539 ex

296 2571 436 2593 cnvnu
472 2561 582 2593 verbis
620 2572 823 2604 componere
859 2563 1100 2594 refutationem
1134 2573 1250 2594 eorum
1285 2562 1489 2601 doctrinae,

296 2617 449 2650 omnibus
472 2618 620 2650 numeris
644 2616 830 2650 absolutam
846 2641 856 2657 ,
885 2628 986 2660 opera
1013 2621 1103 2650 esset
1127 2629 1195 2650 non
1219 2619 1304 2651 adeo
1327 2617 1486 2652 difficili».

1222 2700 1248 2738 9
