1711 3047
857 192 914 235 84

250 332 354 372 haec
382 329 590 373 sufficiant
621 331 674 373 ad
706 331 995 390 probandum,
1029 332 1146 389 quod
1173 335 1219 376 in
1249 335 1368 390 hujus
1386 334 1546 387 §initio

250 409 421 462 monui,
459 425 679 452 CALVINUM
713 412 886 453 brevem
921 411 1045 453 fuisse
1078 413 1122 452 in
1155 414 1433 471 geographia,
1465 428 1544 454 nee

252 501 337 528 non
368 499 564 531 accurate
593 490 636 530 in
669 506 717 531 ea
747 501 957 532 versatum
987 489 1125 531 fuissem

843 647 949 711 §2

566 802 844 862 Chronologia
875 813 917 846 et
939 805 1229 863 genealogiae.

309 960 392 1012 Qui
411 972 526 1003 recta
546 962 848 1020 chronologiae
869 963 1112 1021 cognitione
1137 973 1197 1004 est
1216 963 1399 1004 imbutus
1422 962 1475 1004 N.
1493 962 1543 1005 T,

245 1038 472 1096 interpres,
498 1039 675 1081 multum
698 1039 917 1095 adjuvatur
928 1073 939 1093 ,
973 1051 1019 1080 ut
1036 1040 1304 1081 difficultates
1317 1072 1328 1093 ,
1345 1055 1450 1096 quae
1467 1054 1540 1080 oc·

246 1127 415 1157 currant
430 1149 441 1169 ,
485 1118 705 1159 enucleare
722 1149 734 1171 ᾗ
775 1133 980 1159 annorum
1018 1133 1238 1158 numerum
1253 1148 1264 1169 ,
1307 1132 1411 1172 quos
1449 1117 1540 1172 quis

243 1193 417 1246 vixerit,
440 1205 482 1234 et
504 1194 671 1250 quando
691 1195 852 1251 singula
877 1194 1139 1235 obtinuerint
1163 1194 1298 1245 facta,
1327 1203 1443 1233 recte
1469 1192 1540 1234 de-

241 1269 363 1312 finire
396 1272 544 1328 possit.
608 1273 742 1328 Hujus
778 1270 948 1312 subsidii
979 1271 1130 1311 notitia
1161 1285 1367 1311 CALleUs
1384 1301 1395 1323 ,
1435 1284 1540 1326 quae

243 1348 296 1389 ab
331 1364 417 1389 uno
458 1349 641 1391 alterove
675 1349 1035 1407 Evangelistarum
1070 1349 1220 1389 omissa
1255 1358 1351 1388 sunt
1364 1379 1375 1400 ,
1416 1347 1540 1405 signi-

240 1425 360 1480 ficat,
378 1443 474 1469 Luc.
488 1429 548 1480 II,
569 1428 638 1483 39.
658 1416 915 1483 ὑπέότρεψαν
930 1431 984 1476 εἷς
1000 1426 1336 1480 τὴνΓαλιλαίαγ.
1371 1425 1538 1467 »Facile

241 1524 259 1539 υ
270 1504 438 1561 quidem
454 1504 631 1546 admitto
640 1506 949 1563 profectionem
960 1506 1261 1563 Aegyptiacam
1274 1504 1397 1545 fuisse
1410 1504 1537 1544 inter-

242 1603 258 1618 »
272 1581 469 1624 mediam.
502 1584 554 1624 Et
569 1583 682 1640 quod
700 1583 802 1625 dicit
817 1599 946 1625 LUCAs
958 1616 968 1636 ,
987 1599 1059 1625 eos
1071 1583 1276 1624 habitasse
1289 1583 1332 1623 in
1346 1582 1452 1623 urbe
1467 1582 1539 1622 su&

243 1660 490 1715 »Nasareth,
510 1661 659 1703 ordine
677 1673 737 1703 est
753 1662 958 1719 posterius
970 1662 1067 1719 fuga
1081 1662 1123 1701 in
1138 1662 1395 1719 Aegyptum,
1413 1675 1538 1716 quam

241 1758 256 1772 »
269 1753 524 1780 MATTHAEUS
542 1740 691 1781 refert''
707 1740 781 1796 (1).
829 1740 947 1790 Quae
966 1755 1107 1780 secum
1127 1741 1349 1793 conjuncta
1371 1753 1537 1779 narran-

240 1825 326 1869 tur,
343 1816 400 1856 ita
419 1815 654 1874 distinguit,
678 1826 724 1856 ut
744 1815 843 1872 quid
861 1816 1042 1872 primurn
1055 1846 1067 1868 ,
1087 1814 1190 1870 quid
1208 1813 1360 1854 deinde
1378 1814 1534 1854 factum

238 1894 311 1947 sit,
331 1893 546 1947 ostendat,
567 1909 728 1935 MATTH.
742 1893 927 1946 XXVII,
953 1892 1022 1934 52.
1043 1895 1111 1934 καὶ
1131 1895 1181 1934 τὰ
1197 1897 1370 1947 μνημεῖα
1391 1894 1539 1948 ἀνεῴχ-

235 1977 392 2026 θησαν,
427 1982 468 2012 et
483 1971 603 2012 locus
619 1970 841 2028 parallelus
867 1985 999 2011 MARC.
1023 1969 1144 2022 XVI,
1183 1985 1219 2010 1.
1284 1968 1538 2009 »Probabile

238 2048 432 2091 »videtur
445 2081 456 2103 ,
476 2065 657 2091 cmusro
678 2059 848 2090 mortuo
865 2048 988 2089 fuisse
1004 2048 1141 2089 statim
1165 2056 1308 2104 aperta
1328 2045 1534 2103 sepulcra.

238 2129 406 2181 »Quum
443 2139 582 2169 autem
618 2128 843 2169 resurrexit
859 2159 870 2180 ,
914 2124 1116 2182 quosdam
1155 2127 1323 2182 piorum
1361 2134 1535 2181 recepto

240 2227 257 2243 2,
267 2207 414 2264 spiritu
436 2220 621 2263 egressos
645 2220 731 2245 esse
755 2215 797 2245 et
819 2205 863 2244 in
885 2205 988 2245 urbe
1009 2203 1134 2244 fuisse
1168 2201 1438 2259 conspectos'’
1460 2200 1533 2257 (2).

239 2283 368 2337 Quod
398 2283 614 2325 indefinite
645 2293 860 2335 narratur,
892 2283 951 2322 ita
989 2280 1134 2323 definit
1169 2295 1265 2321 Luc.
1300 2279 1385 2332 VI,
1425 2293 1460 2319 1.
1491 2281 1535 2321 ἐν

240 2365 432 2420 σαββάτῳ
465 2363 772 2417 δευτεροπρώτῳ
798 2359 1023 2401 secundam
1053 2359 1150 2399 anni
1175 2357 1442 2399 festivitatem
1470 2355 1534 2396 in-

274 2556 325 2595 (1)
350 2556 411 2586 Cff.
439 2564 523 2584 imzA
549 2556 584 2585 et
608 2552 724 2594 optimi
752 2552 965 2592 interpretes.

278 2611 331 2655 (2)
355 2612 415 2643 eff.
443 2621 524 2641 BEZA
541 2631 551 2649 ‚
580 2620 751 2647 ῦιιοτιιτε,
778 2617 810 2641 v.
839 2619 872 2642 n.
899 2617 987 2639 rum
1013 2609 1047 2639 ct
1072 2616 1254 2638 rm‘rzscnt
1280 2605 1319 2637 ad
1344 2605 1378 2637 b.
1409 2605 1432 2636 l.
