1711 3047
863 150 919 193 34

249 296 446 338 discrevit
474 304 598 351 atque
627 294 671 334 in
702 292 884 335 diversas
914 291 1060 347 rejecit
1100 293 1397 351 paragraphos.
1462 292 1555 334 Sin—

247 375 353 434 gulis
391 389 494 416 vero
534 371 805 431 paragraphis
843 369 1012 411 titulum
1052 370 1343 412 brevissimum
1374 372 1553 429 praemi·

245 454 321 507 sit,
366 462 412 494 ut
450 452 584 493 tribus
620 450 690 493 vel
733 459 914 507 quatuor
950 447 1114 501 verbiS‚
1164 448 1264 506 quid
1301 464 1551 507 unaquaque

245 531 513 590 paragrapho
556 530 843 582 contineatur,
888 526 1119 568 lectoribus
1157 538 1314 584 pateat.
1384 527 1551 580 Quodsi

245 620 386 653 autem
421 609 491 651 vel
531 608 691 650 factum
736 605 971 664 quoddam,
1015 605 1084 646 vel
1119 620 1258 646 sermo
1305 617 1551 648 consuetum

246 688 498 747 paragraphi
533 687 738 728 ambitum
775 683 1019 737 excederet,
1054 682 1214 725 duabus
1254 684 1322 725 vel
1362 684 1552 743 pluribus

244 766 520 825 paragraphis
552 779 643 806 rem
681 773 840 822 gestam
862 763 929 804 vel
951 762 1204 804 concionem
1234 762 1446 820 amplexus
1468 771 1552 816 est,

245 845 375 903 idque
406 844 459 885 de
488 842 693 885 industria
721 841 938 884 indicavit.

304 924 551 976 Praeterea,
584 936 681 964 cum
718 919 879 977 singula
913 919 1139 977 Evangelia
1175 918 1409 978 legentibus
1445 934 1552 960 non—

247 1003 386 1045 nullae
412 1010 637 1044 occurrant
660 1015 751 1053 res,
786 1013 891 1055 quae
913 998 1027 1055 apud
1056 997 1240 1039 diversos
1268 998 1553 1056 Evangelistas

249 1081 420 1123 diversis
447 1081 553 1121 locis
584 1078 829 1130 traduntur,
872 1076 1058 1132 quaestio
1100 1076 1200 1117 hinc
1243 1076 1401 1128 oritur,
1445 1089 1554 1131 quae

247 1175 443 1217 magnam
466 1157 631 1215 peperit
652 1155 952 1212 interpretibus
973 1153 1285 1206 difficultatem,
1309 1163 1448 1194 utrum
1468 1151 1553 1194 duo

248 1237 434 1290 diversa,
469 1251 522 1277 an
551 1249 680 1276 unum
708 1232 906 1289 idemque
933 1231 1169 1289 significare
1192 1232 1402 1273 voluerint
1422 1232 1554 1273 Evan-

247 1316 439 1375 gelistae3
465 1312 580 1371 quod
597 1312 708 1354 valet
738 1327 774 1353 e.
793 1326 829 1352 c.
857 1310 910 1351 de
929 1310 1131 1351 unctione
1173 1310 1297 1363 JESU,
1323 1326 1421 1352 Luc.
1454 1309 1553 1364 VII,

250 1393 400 1436 36-50.
440 1389 930 1443 Mmmxxvlss-ffi.
973 1388 1370 1445 MARc.X1V‚3-9.
1426 1389 1552 1431 JoAN.

247 1473 329 1526 XI,
350 1487 392 1513 2.
416 1470 520 1523 XII,
546 1469 635 1510 3-8.
665 1479 707 1509 et
727 1467 779 1508 de
801 1466 1043 1524 expulsione
1068 1481 1240 1519 eorum,
1276 1466 1346 1522 qui
1373 1466 1555 1507 nummis

248 1546 536 1608 permutandis
554 1547 599 1587 in
623 1545 783 1603 templo
815 1554 1032 1601 quaestum
1065 1543 1303 1597 faciebant,
1346 1544 1471 1586 JoAN.
1493 1543 1557 1598 II,

253 1631 306 1678 14
336 1641 451 1683 seqq.
513 1625 691 1666 MATTH.
718 1623 844 1676 XXI,
877 1638 948 1675 12,
985 1621 1051 1664 13.
1114 1622 1260 1664 MAnc.
1285 1622 1368 1675 XI,
1406 1620 1551 1678 15-17.

247 1706 352 1746 Luc.
375 1703 497 1756 XIX,
528 1700 609 1754 45,
649 1701 721 1752 46.
785 1701 877 1741 Jam
900 1715 1028 1753 vero,
1063 1715 1114 1741 ex
1142 1715 1316 1742 CALVINI
1348 1699 1553 1741 methodo

249 1783 454 1826 continuo
478 1779 621 1821 videre
640 1789 701 1820 est
715 1810 726 1832 ,
752 1788 892 1819 utrum
919 1793 970 1819 ex
990 1778 1231 1835 interpretis
1250 1787 1391 1819 mente
1404 1776 1554 1834 ,idem

250 1878 303 1904 an
339 1860 549 1902 diversum
581 1858 633 1899 sit
661 1857 834 1898 factum.

308 1939 502 1995 Denique
539 1936 706 1978 silentio
743 1951 831 1977 non
865 1945 927 1976 est
960 1932 1406 1993 praetermittendum,
1441 1932 1558 1991 quod

249 2033 434 2060 cALvmo
466 2016 646 2058 maxime
671 2024 732 2056 est
762 2015 929 2072 privum
955 2023 998 2054 et
1021 2013 1258 2070 proprium.
1321 2012 1398 2053 Ille
1421 2013 1555 2066 enim,

248 2100 294 2140 in
328 2094 590 2155 disponenda
622 2093 824 2146 materia,
858 2093 968 2133 hanc
998 2091 1079 2132 sibi
1110 2091 1257 2132 sumsit
1286 2090 1550 2144 libertatem,

248 2187 295 2217 ut
317 2175 461 2216 similis
491 2172 726 2231 argumenti
754 2170 823 2211 vel
849 2170 1012 2210 formae
1043 2184 1109 2210 res
1134 2185 1278 2210 secum
1308 2171 1551 2226 conjungat.

249 2255 319 2296 Sic
353 2252 577 2312 parabolas
606 2249 839 2308 parabolis,
874 2263 1087 2290 sermones
1113 2247 1401 2300 sermonibus,
1435 2247 1556 2287 mira-

250 2333 345 2376 cula
374 2330 585 2374 miraculis
611 2327 799 2382 addidit,
840 2327 972 2369 Sectt.
1003 2326 1105 2381 VII,
1138 2326 1241 2380 XII,
1271 2325 1395 2377 XIII,
1425 2323 1552 2378 XIV,

249 2413 513 2463 existimans,
550 2418 634 2450 tum
673 2407 764 2448 fieri
798 2422 886 2448 non
912 2405 1035 2447 facile
1068 2420 1218 2463 posse,
1253 2414 1300 2445 ut
1334 2403 1442 2460 quis,
1474 2403 1556 2444 sin·

245 2491 441 2550 gulorum
463 2486 764 2529 miraculorum
785 2484 1170 2543 opportunitatem,
1188 2497 1430 2525 sermonum
1454 2490 1557 2521 tem·

243 2585 343 2627 pus,
379 2578 462 2611 etc.
503 2575 698 2609 accurate
736 2563 947 2622 clesignet3
984 2572 1067 2605 tam
1105 2577 1194 2605 non
1223 2577 1336 2616 esse,
1371 2575 1445 2602 cur
1474 2559 1554 2600 hac
