1711 3047
828 203 855 243 G

193 345 242 387 ln
278 345 356 387 hac
395 344 522 402 igitur
562 342 773 384 laetissimi
813 341 1168 400 interpretationis
1212 340 1294 383 di‘e'i
1345 354 1495 383 aurora

193 423 353 482 prodiit
386 437 592 464 CALVINUS
622 432 793 479 exegeta
826 420 904 478 (1)

795 601 902 665 §3

224 726 438 785 Quomodo
469 740 675 768 CALVINUS
703 725 763 766 ad
793 723 1128 781 interpretandos
1156 723 1284 765 libros
1313 724 1369 767 N.
1410 725 1461 767 T.

595 804 815 845 historicos
846 807 1085 844 accesserit.

251 971 358 1012 Cum
379 979 543 1012 constet
563 969 674 1011 inter
699 984 865 1023 omnae,
897 969 1030 1011 multa
1053 970 1229 1011 omnino
1254 983 1364 1023 esse,
1389 984 1498 1026 quae¹

192 1050 279 1091 vim
302 1049 484 1090 habeant
507 1048 549 1088 in
571 1047 788 1088 hominem
802 1079 813 1100 ,
849 1049 1017 1104 ejusque
1041 1046 1255 1106 cogitandi
1278 1057 1320 1088 et
1344 1046 1495 1105 agendi

191 1129 399 1171 rationem
416 1159 427 1180 7
454 1127 498 1167 in
517 1126 662 1183 primis
692 1126 735 1167 in
771 1126 966 1167 notiones
980 1158 992 1179 7
1012 1141 1111 1182 quas
1129 1126 1300 1182 quisque
1322 1123 1375 1167 de
1396 1124 1494 1167 reli·

146 1214 151 1219 ’
192 1207 317 1265 gione
333 1206 475 1247 foveat
492 1205 698 1260 rebusque
716 1203 866 1245 divinis
883 1235 894 1257 ‚
929 1215 1153 1261 parentum
1179 1219 1331 1261 nempe
1359 1219 1493 1246 exem0

189 1285 326 1342 plum,
347 1283 664 1336 educationem,
685 1281 1014 1336 institutionem,
1038 1283 1270 1324 amicorum
1289 1297 1495 1324 commer-

171 1363 331 1415 2cium‚
366 1362 467 1414 alia,
502 1371 700 1417 sequatur
736 1359 835 1401 inde
870 1375 1039 1402 necesse
1073 1371 1157 1414 est,
1181 1362 1330 1402 harum
1348 1376 1492 1402 rerum

191 1440 407 1481 scientiam
456 1439 631 1495 requiri,
674 1437 727 1478 ad
778 1449 941 1479 rectum
979 1441 1218 1495 justumque
1258 1438 1310 1480 de
1351 1439 1493 1496 aliquo

185 1518 391 1575 judicium
411 1515 730 1557 instituendum.
761 1515 923 1566 Quodsi
946 1531 1093 1556 verum
1116 1517 1190 1569 sit,
1225 1532 1380 1573 operae
1399 1532 1492 1574 pre-

188 1598 293 1638 tium
313 1607 393 1650 est,
413 1594 616 1636 nonnulla
636 1593 688 1635 de
707 1608 914 1647 CALvmo,
945 1594 1027 1635 huc
1047 1594 1301 1652 spectantia,
1336 1595 1492 1636 brevis-

189 1676 292 1717 sime
323 1674 495 1715 referre.
531 1674 677 1728 Itaque
696 1672 839 1729 paucis
862 1670 1090 1713 dicendum
1111 1682 1172 1714 est
1195 1671 1248 1714 de
1281 1681 1493 1729 tempore,

190 1753 243 1795 de
270 1761 407 1794 aetate
424 1784 435 1805 ‚
470 1750 522 1792 de
545 1755 712 1803 animo,
753 1765 836 1807 quo
864 1749 917 1790 ad
941 1749 1212 1807 explicandos
1234 1760 1276 1791 et
1291 1751 1336 1792 in
1352 1750 1494 1792 lucem

192 1830 378 1873 edendos
408 1829 633 1870 historicos
660 1828 715 1871 N.
747 1828 798 1870 Τ.
830 1828 963 1869 libros
993 1829 1241 1881 accesserit,
1283 1829 1343 1869 uti
1369 1839 1411 1870 et
1438 1827 1492 1871 de

190 1925 329 1952 rerum
350 1908 580 1964 adjunctis,
607 1912 650 1948 in
670 1906 820 1965 quibus
833 1912 1001 1964 positus
1011 1907 1155 1965 fuerit
1175 1917 1216 1948 et
1238 1916 1496 1964 quantopere

180 1997 362 2046 paratas
384 1996 428 2028 et
447 1991 702 2027 exercitatus
726 1985 1011 2043 gravissimam
1033 2001 1122 2027 rem
1145 1986 1388 2043 susceperit.

252 2065 383 2118 Quod
419 2065 566 2106 attinet
596 2064 725 2121 igitur
757 2062 811 2104 ad
843 2072 1027 2120 tempus,
1063 2079 1146 2120 quo
1175 2079 1273 2105 suos
1296 2065 1339 2105 in
1363 2065 1494 2106 libros

189 2145 244 2186 N.
289 2144 339 2186 T.
386 2142 610 2184 historicos
653 2142 817 2199 scripsit
860 2144 1186 2184 commentarios
1201 2176 1212 2196 ,
1251 2144 1295 2184 in
1338 2144 1492 2186 multo-

189 2236 284 2263 rum
335 2223 423 2276 jam
472 2234 618 2260 manus
661 2231 941 2276 pervenerant
980 2222 1066 2275 ejus
1112 2223 1404 2263 annotationes
1448 2222 1493 2263 in

189 2299 413 2342 nonnullas
454 2296 683 2354 Epistolas‚
734 2312 861 2353 quum
903 2299 1252 2340 commentarium
1293 2300 1337 2339 in
1379 2300 1490 2341 Acta

228 2510 279 2551 Γ)
305 2509 343 2541 V.
360 2519 389 2540 s.
408 2518 567 2540 CLARISSE
580 2533 589 2546 ‚
608 2510 890 2552 Encyclopaedia
911 2511 1070 2553 Yheoloy.
1089 2511 1141 2544 ed.
1160 2513 1217 2543 alt.
1236 2512 1305 2554 §66
1335 2524 1410 2554 pag.
1426 2513 1496 2544 289

310 2575 384 2604 sqq.
402 2588 410 2602 ‚
434 2569 468 2596 ct
494 2576 579 2605 quos
603 2566 737 2605 laudat,
764 2567 903 2599 maxime
927 2577 960 2598 G.
986 2577 1018 2600 a.
1043 2577 1175 2603 marm.
1212 2568 1416 2601 Gescln’chee
1431 2569 1493 2599 cler

313 2620 647 2664 Sslzro'fterklit'rmaeq
672 2626 739 2654 cet.
