1711 3047
851 153 907 196 57

235 298 459 357 »dynastae
481 296 720 354 promiscue
743 304 995 336 vocarentur
1020 293 1222 348 eunuchi,
1247 309 1373 351 quum
1394 304 1533 337 tamen

235 376 337 419 »viri
370 374 534 417 essent’'
570 374 662 432 (1);
700 375 798 416 Act.
833 371 955 427 XIV,
991 387 1064 414 22.
1104 379 1343 430 χειροτονεῖν
1377 373 1534 431 aliquid

232 454 425 497 manibus
446 453 618 496 sublatis
641 453 888 504 decernere,
913 450 1094 509 qualiter
1112 452 1156 493 in
1179 453 1362 494 comitiis
1384 451 1534 511 populi

230 532 323 576 fieri
365 533 474 575 solet
509 531 588 590 (2).
651 531 811 575 Verum
847 530 1069 585 universe,
1120 532 1274 573 omissa
1312 532 1393 574 hac
1437 532 1530 585 via,

229 610 364 653 fusior
388 621 451 654 est
478 612 522 652 in
553 625 714 665 rerum,
742 624 867 667 quam
897 609 942 651 in
964 609 1194 652 verborum
1224 608 1532 667 explicatione,

230 689 347 748 quod
395 705 447 732 ex
483 687 786 748 interpretandi
822 703 920 742 usu,
967 687 1013 729 id
1052 688 1257 746 temporis
1302 698 1532 742 consueto,

231 766 505 810 derivandum
542 778 618 811 est.
682 768 780 809 Hoc
812 782 913 809 vero
944 766 1225 820 contendens,
1256 782 1344 809 non
1375 767 1532 821 innuo,

229 856 421 888 nostrum
459 847 589 889 verba
623 862 672 889 ex
708 847 832 889 rebus
861 846 1122 905 explicuisse.
1185 846 1355 888 Etenim
1384 846 1536 888 abhor-

230 925 316 966 ruit
337 926 393 966 ab
414 926 495 967 hac
517 924 750 967 multorum
773 927 1044 981 παρερμηνείᾳ
1072 935 1114 967 et
1147 926 1272 967 nullis
1305 940 1394 967 non
1428 925 1536 968 locis

228 1017 297 1044 res
327 1017 379 1043 ex
409 1002 545 1044 verbis
570 1002 756 1057 derivat,
789 1014 914 1060 atque
936 1014 1132 1045 accurate
1158 1002 1398 1062 distinguit,
1433 1002 1536 1060 quid

227 1081 442 1123 innuerint
463 1081 675 1123 librorum
697 1083 926 1140 scriptores
955 1097 1283 1139 sermonumque
1307 1092 1502 1124 auctores
1518 1114 1531 1137 ,

227 1158 330 1217 quid
353 1160 525 1204 minus:
568 1160 717 1218 Neque
739 1161 867 1203 etiam
896 1159 1108 1203 adamavit
1141 1163 1426 1218 conjecturas,
1459 1160 1535 1203 sed

227 1237 345 1296 quod
376 1238 560 1280 solidum
595 1250 841 1297 certumque
874 1250 937 1281 est
970 1255 1021 1282 ex
1055 1240 1195 1282 verbis
1234 1239 1531 1282 deducendum

225 1317 416 1375 putavit,
453 1318 515 1359 ita
553 1317 750 1375 quidem,
789 1328 836 1359 ut
871 1318 906 1359 si
944 1319 1201 1374 conjecturis
1239 1318 1534 1377 opportunitas

225 1394 423 1451 daretur,
466 1411 554 1438 non
590 1396 721 1438 semel
754 1395 1030 1455 profiteatur,
1063 1412 1108 1440 se
1142 1397 1264 1456 plura
1295 1413 1378 1453 eo,
1418 1396 1535 1456 quod

226 1473 382 1516 diserte
401 1474 619 1533 proditum
641 1475 695 1516 sit
716 1475 770 1517 ab
794 1485 994 1529 auctore,
1028 1476 1207 1518 nescire.
1269 1476 1341 1518 Sic
1372 1491 1424 1519 ex
1445 1477 1533 1533 ejus

227 1553 431 1610 opinione
477 1568 642 1596 Mum.
685 1554 732 1607 Ι,
775 1553 848 1596 25.
891 1556 1157 1610 πρωτότοκος,
1180 1565 1358 1597 vocatur
1390 1570 1531 1611 nasus,

226 1631 338 1673 hanc
356 1631 494 1674 solum
510 1633 563 1674 ab
581 1647 768 1687 causam,
787 1643 835 1674 ut
852 1633 1058 1688 sciamus,
1081 1649 1133 1676 ex
1146 1633 1308 1693 virgine
1327 1649 1424 1676 eum
1442 1649 1531 1677 esse

225 1720 389 1753 natum.
453 1709 568 1763 Quid
596 1722 744 1769 postea
773 1722 964 1754 secutum
997 1713 1072 1767 sit,
1111 1728 1200 1754 non
1233 1712 1394 1755 indicat
1421 1728 1532 1755 MAT-

227 1802 394 1829 THAEUS
416 1788 501 1847 (3),
534 1789 630 1833 alia.
678 1791 748 1832 Ab
772 1790 904 1832 altera
925 1806 1029 1833 vero
1051 1802 1194 1849 parte,
1225 1792 1425 1834 immunis
1451 1792 1532 1833 fuit

226 1867 281 1909 ab
296 1868 604 1927 interpretandi
624 1870 804 1925 ratione,
827 1886 934 1928 quae
950 1870 1092 1912 multis
1109 1871 1412 1930 interpretibus
1429 1887 1531 1914 nau-

226 1945 347 2004 fragii
368 1957 431 1989 est
451 1947 666 2006 scopulus,
689 1964 853 2006 quaque
874 1965 964 1991 non
987 1949 1124 1991 omnis
1143 1950 1392 2008 exprimitur
1412 1950 1531 1992 vocis

226 2024 444 2080 cujusdam
474 2027 537 2067 vis
565 2037 607 2068 et
632 2027 875 2069 efficacitas.
941 2028 1124 2069 Omnem
1152 2029 1350 2069 vocabuli
1378 2029 1465 2070 vim
1486 2039 1531 2070 et

225 2103 577 2162 significationem
615 2104 935 2164 exprimendam
967 2106 1129 2148 censuit
1164 2121 1329 2150 ΜΑΤΤΗ.
1359 2106 1447 2162 IV,
1482 2122 1526 2150 2.

260 2364 312 2408 (1)
335 2365 398 2397 eff.
421 2375 530 2404 ΒΗΑ,
558 2376 742 2405 mscuon,
768 2376 943 2406 monus,
971 2376 1148 2408 xuxuou,
1175 2378 1208 2399 v.
1229 2379 1265 2402 ι).
1290 2378 1378 2401 uzu
1400 2370 1436 2402 et
1455 2379 1534 2402 ors-

347 2431 479 2453 musnn
502 2422 544 2454 ad
567 2422 604 2455 h.
630 2422 655 2456 l.

261 2477 315 2520 (2)
339 2478 403 2511 eff.
429 2488 534 2518 mm,
565 2489 740 2518 enorme,
767 2489 920 2512 Rumon
944 2483 981 2513 et
1005 2491 1039 2515 v.
1067 2492 1100 2514 n.
1126 2493 1216 2515 um
1241 2482 1283 2515 ad
1306 2483 1343 2517 h.
1368 2483 1393 2515 1.

264 2535 316 2577 (3)
339 2536 404 2568 cff.
422 2545 605 2574 mnenon,
630 2547 800 2575 cunnus,
826 2547 1011 2569 rmrzscmz
1027 2542 1062 2570 et
1076 2539 1323 2580 quodammodo
1339 2550 1532 2572 ozsntusu

347 2591 386 2624 ad
410 2592 446 2624 h.
471 2593 497 2626 l.
