1711 3047
852 174 862 215 l
872 175 928 214 04

839 334 944 395 §IL

711 473 1088 527 Ἐναντιοφανείαι.

307 630 413 670 Cum
450 631 494 670 in
532 645 581 671 ea
616 631 822 671 sententia
856 641 1094 671 versaretur
1126 644 1356 685 cALvmns,
1389 643 1436 674 ut
1468 645 1549 675 sta-

252 717 404 760 tueret,
422 722 474 749 ss.
492 707 729 764 Scriptores
746 708 902 749 auxilio
919 707 1062 749 divino
1076 708 1273 767 singulari
1289 724 1385 750 usos
1402 709 1526 752 fuisse
1537 744 1549 763 ,

252 784 411 826 nullam
425 786 760 843 repugnantiam,
772 787 944 844 proprie
959 786 1129 841 dictam,
1142 786 1186 827 in
1198 802 1345 828 eorum
1359 787 1476 829 libris
1491 788 1552 828 in·

254 862 386 904 veniri
406 863 680 917 existimavit3
714 863 787 905 sed
817 866 982 919 omnia,
1018 880 1123 921 quae
1142 865 1227 906 huc
1252 866 1464 923 pertinere
1488 865 1551 907 vi-

249 939 469 995 derentur,
500 942 804 1000 repugnantiae
834 953 998 984 tantum
1027 944 1211 1001 speciem
1231 942 1408 997 habere,
1438 958 1550 984 eamq

247 1033 328 1075 que
366 1034 453 1060 esse
485 1018 758 1061 derivandam
791 1036 841 1062 ex
867 1021 1033 1062 diverso
1065 1022 1338 1062 scribentium
1371 1020 1549 1074 consilio

247 1096 390 1138 aliisve
421 1113 471 1138 ex
505 1098 654 1139 causis.
717 1099 767 1139 In
795 1099 964 1156 singulis
997 1100 1348 1152 ἐναντιοφαινείαις
1374 1113 1550 1156 compo-.

246 1173 395 1215 nendis
431 1174 662 1216 admodum
697 1175 877 1216 feliciter
912 1186 1097 1217 versatus
1135 1188 1212 1219 est.
1281 1176 1350 1217 Sic
1385 1191 1549 1217 MATTH.

246 1252 351 1304 XX,
390 1251 524 1307 29-34
561 1262 603 1293 et
639 1266 771 1294 MARc.
805 1252 866 1306 X,
900 1251 1049 1304 46-52.
1085 1253 1285 1294 conciliat
1319 1268 1414 1294 cum
1447 1267 1551 1297 Luc,

246 1329 409 1383 XVIII,
447 1328 602 1383 ‘effi-43,
632 1330 884 1386 conjiciens,
922 1329 1051 1371 »dum
1074 1331 1169 1372 urbi
1192 1331 1551 1389 appropinquaret

248 1430 264 1444 >1
274 1423 506 1463 cnmsrus,
542 1424 720 1450 coecum
743 1409 967 1463 clamasse3
1001 1409 1075 1451 sed
1100 1425 1229 1466 quum
1252 1425 1354 1467 prae
1375 1409 1551 1467 strepitu

250 1501 364 1528 »non
405 1497 512 1528 esset
550 1486 735 1541 auditus,
770 1487 883 1528 viam
918 1487 1130 1529 obsedisse
1164 1488 1206 1529 in
1238 1488 1351 1529 urbis
1385 1502 1551 1546 egressu

247 1575 314 1607 »et
349 1575 451 1607 tunc
484 1564 655 1606 demum
693 1565 818 1607 fuisse
858 1581 882 1607 a
916 1582 1097 1608 efflus‘ro
1133 1577 1346 1608 vocatum.
1406 1567 1552 1623 Itaque

248 1658 428 1697 mmmm,
472 1659 496 1684 a
528 1659 631 1685 vero
673 1644 884 1702 principio
930 1660 1126 1700 exorsus,
1167 1661 1253 1687 non
1291 1645 1552 1703 persequitur

248 1732 410 1764 »totam
437 1723 753 1776 narrationem,
792 1722 866 1764 sed
897 1725 1077 1767 transilit
1110 1740 1282 1767 CHRISTI
1320 1724 1551 1782 hospitium

251 1800 321 1840 »in
356 1800 477 1841 urbe.
540 1799 625 1839 Alii
656 1809 796 1839 autem
824 1798 909 1839 duo
939 1800 1076 1841 solum
1118 1811 1281 1857 tempus
1310 1803 1547 1858 attingunt,

250 1876 391 1934 „quod
425 1876 599 1934 propius
633 1877 842 1918 miraculo
882 1877 976 1920 fuit.
1019 1900 1075 1909 ——
1109 1879 1162 1919 Et
1198 1879 1420 1935 probabile
1453 1889 1546 1931 est,

253 1970 409 2012 »quum
436 1954 559 1995 initio
586 1970 739 1995 coecus
763 1970 868 1995 unus
888 1970 1060 1996 cflmsn
1082 1957 1258 2014 gratiam
1284 1956 1553 2013 imploraret,

252 2035 365 2090 »ejus
401 2033 595 2090 exemplo
637 2043 900 2074 commotum
933 2034 1058 2075 fuisse
1096 2035 1301 2088 alterum,
1336 2044 1461 2091 atque
1494 2034 1554 2076 ita

252 2111 442 2153 »duobus
465 2112 601 2153 visum
623 2126 711 2153 esse
735 2111 973 2154 redditum'’
992 2112 1070 2170 (ι).
1134 2113 1205 2154 Sic
1231 2129 1254 2154 a
1278 2129 1444 2168 MARCO,
1467 2114 1552 2167 XI,

260 2193 412 2243 11-24,
446 2190 607 2243 notari,
636 2189 752 2246 quod
772 2206 795 2231 a
816 2206 1074 2245 MATTHAEO,
1096 2192 1220 2246 XXI,
1254 2207 1406 2246 10-22,
1433 2207 1553 2250 prae-

255 2270 425 2310 teritum
450 2269 605 2322 fuerat,
635 2269 881 2323 observans,
907 2281 1131 2327 utrumque
1153 2272 1210 2312 ita
1235 2271 1476 2327 conjungit,
1506 2280 1553 2311 ut

251 2349 322 2390 hic
352 2348 494 2389 vicum
535 2346 762 2388 arefactam
799 2363 885 2389 esse
932 2347 1071 2402 dicat,
1105 2347 1309 2406 postridie
1348 2364 1472 2405 quam
1506 2363 1551 2390 se

254 2441 456 2468 unms'rus
479 2425 689 2484 professus
716 2437 804 2467 erat
832 2441 995 2485 regem,
1031 2427 1102 2468 ille
1124 2437 1288 2468 tantum
1315 2426 1547 2484 exprimat,

293 2599 343 2639 (Ι)
370 2599 431 2631 efl.
462 2607 636 2636 onorius,
663 2607 816 2629 hainou
842 2601 875 2630 οἱ
903 2608 933 2632 v.
962 2609 994 2632 υ,
1024 2608 1109 2630 mm
1135 2597 1174 2630 ad
1200 2597 1234 2631 h.
1264 2597 1288 2635 1.Δ
