1711 3047
769 207 820 246 81

146 347 273 399 XIII,
306 345 470 403 47.(1).
505 344 608 397 XV,
650 344 715 387 15.
743 345 819 402 (2).
880 344 1025 403 Magni
1061 344 1186 402 igitur
1224 344 1444 386 aestimare.

145 426 211 468 vel
254 425 375 466 inviti
424 425 616 482 cogimur
659 439 836 466 CALVINI
882 438 969 464 non
1011 433 1174 464 tantum
1212 434 1328 465 recte
1366 422 1446 464 dis—

146 502 364 562 tinguendi
402 505 635 560 οἷκριβείαν,
675 518 821 544 verum
857 502 982 543 etiam
1011 502 1195 542 animum
1233 504 1319 557 ejus
1350 516 1449 543 vere

144 581 380 625 liberalem.
443 582 578 623 Multa
610 582 722 623 enim
752 580 904 622 adsunt
931 580 1051 633 loca,
1086 580 1130 620 in
1161 579 1311 635 quibus
1345 578 1448 620 libe-

144 660 308 702 ralioris
332 670 458 702 notae
488 661 736 718 interpretes
762 659 890 701 etiam
916 674 1028 700 nunc
1054 659 1230 699 haerent
1292 657 1448 699 Noster

145 753 276 792 vero,
310 739 481 780 semotis
507 738 703 780 omnibus
725 738 931 796 perversis
957 736 1122 790 studiis,
1156 734 1257 793 quid
1283 735 1447 777 disertis

145 817 284 858 verbis
310 816 526 874 proditum
549 817 625 871 sit,
663 832 752 858 non
777 815 880 874 quid
913 814 1091 857 derivari
1114 830 1164 857 ex
1186 815 1236 856 iis
1267 828 1448 871 quacun·

147 909 227 950 que
245 894 417 936 tandem
437 896 601 938 ratione
623 896 775 954 possit,
799 893 872 938 sed
894 893 995 950 quid
1019 892 1119 936 inde
1148 892 1246 935 duci
1275 891 1448 945 debeat,

148 973 351 1028 quaesivit
372 972 448 1027 (3).

631 1398 859 1448 CAPUT
895 1399 969 1446 Il.

382 1577 429 1600 DE
457 1565 804 1602 INTizRPm-:TATIONE
834 1576 985 1600 CALVINI
1017 1577 1224 1602 HISTORJCA.

205 1914 463 1957 Historicam
495 1912 891 1970 interpretationem
925 1912 1090 1965 dicens,
1129 1924 1223 1955 earn
1256 1913 1450 1973 significo

146 2007 253 2048 quae
287 2000 478 2034 versatur
507 1996 552 2032 in
583 1991 848 2047 explicandis
887 1999 1089 2047 tempore,
1127 1991 1248 2044 loeis,
1281 1992 1450 2046 ritibus,

147 2069 333 2111 moribus
368 2077 411 2110 et
441 2068 708 2126 opinionibus
747 2068 861 2109 illius
890 2073 1063 2121 aetatis,
1097 2069 1158 2109 ad
1184 2085 1310 2126 quam
1344 2070 1454 2127 refiz-

146 2156 298 2189 rantur
317 2147 517 2189 librorum
549 2147 591 2189 S.
625 2151 872 2203 scriptores,
899 2161 1219 2206 sermonumque
1244 2157 1450 2191 auctores.

145 2225 373 2268 Videamus
403 2226 553 2284 igitur,
588 2224 689 2282 quid
720 2224 976 2282 praestiterit
1005 2235 1150 2267 noster
1179 2226 1223 2266 in
1253 2227 1383 2271 hisce.

187 2462 240 2503 (1)
265 2462 315 2493 Cf.
344 2471 494 2493 Rumon
517 2463 556 2494 ad
583 2464 616 2494 h.
645 2465 668 2496 l.

185 2519 237 2558 (2)
263 2518 314 2548 Cf.
342 2528 492 2549 Rumon.
517 2520 556 2551 ad
582 2520 617 2551 h.
645 2521 669 2552 l.

187 2574 240 2614 (3)
267 2574 328 2606 eff.
356 2584 469 2605 unm
496 2576 703 2619 Gesehiclite
723 2587 755 2611 u.
774 2589 859 2611 ⁸.w.
888 2580 920 2612 S.
945 2580 1022 2612 466.
1072 2581 1230 2613 Tnozncx
1251 2580 1341 2615 Lite.
1366 2583 1452 2615 Anz-

274 2630 372 2662 1831.
402 2631 460 2663 Nm
486 2632 543 2663 41.

1196 2704 1221 2742 6
