<?xml version="1.0" encoding="UTF-8"?>
<!DOCTYPE html PUBLIC "-//W3C//DTD XHTML 1.0 Transitional//EN"
    "http://www.w3.org/TR/xhtml1/DTD/xhtml1-transitional.dtd">
<html xmlns="http://www.w3.org/1999/xhtml" xml:lang="en" lang="en">
 <head>
  <title>
</title>
<meta http-equiv="Content-Type" content="text/html;charset=utf-8" />
  <meta name='ocr-system' content='tesseract 3.04.00' />
  <meta name='ocr-capabilities' content='ocr_page ocr_carea ocr_par ocr_line ocrx_word'/>
</head>
<body>
  <div class='ocr_page' id='page_1' title='image "./disquisitiodecal00esch_0140.png"; bbox 0 0 1711 3047; ppageno 0'>
   <div class='ocr_carea' id='block_1_1' title="bbox 812 153 890 193">
    <p class='ocr_par' dir='ltr' id='par_1_1' title="bbox 812 153 890 193">
     <span class='ocr_line' id='line_1_1' title="bbox 812 153 890 193; baseline 0 0"><span class='ocrx_word' id='word_1_1' title='bbox 812 153 890 193; x_wconf 78' lang='lat'><strong>124</strong></span> 
     </span>
    </p>
   </div>
   <div class='ocr_carea' id='block_1_2' title="bbox 189 289 1503 1761">
    <p class='ocr_par' dir='ltr' id='par_1_2' title="bbox 190 289 1503 1446">
     <span class='ocr_line' id='line_1_2' title="bbox 203 289 1502 348; baseline 0.005 -17"><span class='ocrx_word' id='word_1_2' title='bbox 203 289 451 343; x_wconf 83' lang='lat' dir='ltr'>dicendam,</span> <span class='ocrx_word' id='word_1_3' title='bbox 481 305 608 331; x_wconf 87' lang='lat' dir='ltr'><strong>nemo</strong></span> <span class='ocrx_word' id='word_1_4' title='bbox 629 305 728 332; x_wconf 82' lang='lat' dir='ltr'><strong>sane</strong></span> <span class='ocrx_word' id='word_1_5' title='bbox 753 301 836 345; x_wconf 86' lang='lat' dir='ltr'><strong>est,</strong></span> <span class='ocrx_word' id='word_1_6' title='bbox 860 292 930 348; x_wconf 88' lang='lat' dir='ltr'><strong>qui</strong></span> <span class='ocrx_word' id='word_1_7' title='bbox 955 291 1197 337; x_wconf 84' lang='lat' dir='ltr'><strong>diffiteatur.</strong></span> <span class='ocrx_word' id='word_1_8' title='bbox 1262 294 1375 347; x_wconf 88' lang='lat' dir='ltr'><strong>Quid</strong></span> <span class='ocrx_word' id='word_1_9' title='bbox 1391 296 1502 338; x_wconf 88' lang='lat' dir='ltr'><strong>enim</strong></span> 
     </span>
     <span class='ocr_line' id='line_1_3' title="bbox 198 368 1503 431; baseline 0.006 -24"><span class='ocrx_word' id='word_1_10' title='bbox 198 369 337 423; x_wconf 82' lang='lat' dir='ltr'><strong>juvat,</strong></span> <span class='ocrx_word' id='word_1_11' title='bbox 354 368 387 408; x_wconf 88' lang='lat' dir='ltr'><strong>si</strong></span> <span class='ocrx_word' id='word_1_12' title='bbox 399 368 466 409; x_wconf 88' lang='lat' dir='ltr'><strong>vel</strong></span> <span class='ocrx_word' id='word_1_13' title='bbox 482 368 623 409; x_wconf 86' lang='lat' dir='ltr'><strong>omnia</strong></span> <span class='ocrx_word' id='word_1_14' title='bbox 637 368 856 410; x_wconf 85' lang='lat' dir='ltr'><strong>intellectu</strong></span> <span class='ocrx_word' id='word_1_15' title='bbox 873 370 1259 427; x_wconf 81' lang='lat' dir='ltr'><strong>comprehenderis,</strong></span> <span class='ocrx_word' id='word_1_16' title='bbox 1279 374 1503 431; x_wconf 87' lang='lat' dir='ltr'>omniaque</span> 
     </span>
     <span class='ocr_line' id='line_1_4' title="bbox 202 446 1503 510; baseline 0.008 -25"><span class='ocrx_word' id='word_1_17' title='bbox 202 446 408 487; x_wconf 83' lang='lat' dir='ltr'><strong>memoria</strong></span> <span class='ocrx_word' id='word_1_18' title='bbox 438 447 688 501; x_wconf 85' lang='lat' dir='ltr'><strong>servaveris,</strong></span> <span class='ocrx_word' id='word_1_19' title='bbox 723 448 802 489; x_wconf 89' lang='lat' dir='ltr'><strong>nisi</strong></span> <span class='ocrx_word' id='word_1_20' title='bbox 830 448 952 489; x_wconf 90' lang='lat' dir='ltr'><strong>simul</strong></span> <span class='ocrx_word' id='word_1_21' title='bbox 975 464 1074 490; x_wconf 86' lang='lat' dir='ltr'><strong>vera</strong></span> <span class='ocrx_word' id='word_1_22' title='bbox 1094 465 1118 490; x_wconf 87' lang='lat' dir='ltr'>a</span> <span class='ocrx_word' id='word_1_23' title='bbox 1136 450 1248 492; x_wconf 85' lang='lat' dir='ltr'><strong>falsis</strong></span> <span class='ocrx_word' id='word_1_24' title='bbox 1268 451 1503 510; x_wconf 87' lang='lat' dir='ltr'><strong>diversique</strong></span> 
     </span>
     <span class='ocr_line' id='line_1_5' title="bbox 199 524 1503 586; baseline 0.007 -22"><span class='ocrx_word' id='word_1_25' title='bbox 199 524 363 581; x_wconf 85' lang='lat' dir='ltr'><strong>generis</strong></span> <span class='ocrx_word' id='word_1_26' title='bbox 381 539 447 566; x_wconf 89' lang='lat' dir='ltr'><strong>res</strong></span> <span class='ocrx_word' id='word_1_27' title='bbox 465 541 486 567; x_wconf 78' lang='lat' dir='ltr'>a</span> <span class='ocrx_word' id='word_1_28' title='bbox 507 540 550 567; x_wconf 92' lang='lat' dir='ltr'><strong>se</strong></span> <span class='ocrx_word' id='word_1_29' title='bbox 568 526 748 569; x_wconf 88' lang='lat' dir='ltr'><strong>invicem</strong></span> <span class='ocrx_word' id='word_1_30' title='bbox 765 525 1003 569; x_wconf 89' lang='lat' dir='ltr'><strong>discernere</strong></span> <span class='ocrx_word' id='word_1_31' title='bbox 1015 528 1150 570; x_wconf 84' lang='lat' dir='ltr'><strong>valeas</strong></span> <span class='ocrx_word' id='word_1_32' title='bbox 1169 539 1292 586; x_wconf 87' lang='lat' dir='ltr'><strong>atque</strong></span> <span class='ocrx_word' id='word_1_33' title='bbox 1308 546 1358 572; x_wconf 87' lang='lat' dir='ltr'><strong>ex</strong></span> <span class='ocrx_word' id='word_1_34' title='bbox 1373 530 1503 573; x_wconf 83' lang='lat' dir='ltr'><strong>semel</strong></span> 
     </span>
     <span class='ocr_line' id='line_1_6' title="bbox 202 603 1502 666; baseline 0.006 -23"><span class='ocrx_word' id='word_1_35' title='bbox 202 603 380 660; x_wconf 83' lang='lat' dir='ltr'><strong>cognitis</strong></span> <span class='ocrx_word' id='word_1_36' title='bbox 411 619 462 645; x_wconf 86' lang='lat' dir='ltr'><strong>ea</strong></span> <span class='ocrx_word' id='word_1_37' title='bbox 486 604 680 663; x_wconf 83' lang='lat' dir='ltr'><strong>seligere,</strong></span> <span class='ocrx_word' id='word_1_38' title='bbox 713 620 818 662; x_wconf 88' lang='lat' dir='ltr'><strong>quae</strong></span> <span class='ocrx_word' id='word_1_39' title='bbox 843 607 1034 664; x_wconf 86' lang='lat' dir='ltr'><strong>apposite</strong></span> <span class='ocrx_word' id='word_1_40' title='bbox 1060 607 1104 648; x_wconf 91' lang='lat' dir='ltr'><strong>in</strong></span> <span class='ocrx_word' id='word_1_41' title='bbox 1130 623 1221 649; x_wconf 90' lang='lat' dir='ltr'><strong>rem</strong></span> <span class='ocrx_word' id='word_1_42' title='bbox 1242 619 1502 666; x_wconf 84' lang='lat' dir='ltr'><strong>praesentem</strong></span> 
     </span>
     <span class='ocr_line' id='line_1_7' title="bbox 199 681 1499 730; baseline 0.007 -10"><span class='ocrx_word' id='word_1_43' title='bbox 199 681 485 723; x_wconf 84' lang='lat' dir='ltr'><strong>conveniant?</strong></span> <span class='ocrx_word' id='word_1_44' title='bbox 526 682 733 724; x_wconf 88' lang='lat' dir='ltr'>Iudicium</span> <span class='ocrx_word' id='word_1_45' title='bbox 752 694 890 726; x_wconf 82' lang='lat' dir='ltr'><strong>autem</strong></span> <span class='ocrx_word' id='word_1_46' title='bbox 908 685 1055 727; x_wconf 82' lang='lat' dir='ltr'><strong>habuit</strong></span> <span class='ocrx_word' id='word_1_47' title='bbox 1072 686 1323 728; x_wconf 82' lang='lat' dir='ltr'><strong>acerrimum</strong></span> <span class='ocrx_word' id='word_1_48' title='bbox 1342 697 1499 730; x_wconf 89' lang='lat' dir='ltr'><strong>noster.</strong></span> 
     </span>
     <span class='ocr_line' id='line_1_8' title="bbox 198 756 1501 823; baseline 0.007 -25"><span class='ocrx_word' id='word_1_49' title='bbox 198 756 412 800; x_wconf 88' lang='lat' dir='ltr'><strong>Admirari</strong></span> <span class='ocrx_word' id='word_1_50' title='bbox 451 775 546 802; x_wconf 90' lang='lat' dir='ltr'><strong>eum</strong></span> <span class='ocrx_word' id='word_1_51' title='bbox 580 776 668 802; x_wconf 87' lang='lat' dir='ltr'><strong>non</strong></span> <span class='ocrx_word' id='word_1_52' title='bbox 701 762 798 803; x_wconf 84' lang='lat' dir='ltr'><strong>satis</strong></span> <span class='ocrx_word' id='word_1_53' title='bbox 827 778 1074 820; x_wconf 85' lang='lat' dir='ltr'><strong>possumus,</strong></span> <span class='ocrx_word' id='word_1_54' title='bbox 1109 780 1234 821; x_wconf 84' lang='lat' dir='ltr'><strong>quam</strong></span> <span class='ocrx_word' id='word_1_55' title='bbox 1261 764 1501 823; x_wconf 86' lang='lat' dir='ltr'><strong>prudentis-</strong></span> 
     </span>
     <span class='ocr_line' id='line_1_9' title="bbox 196 836 1501 898; baseline 0.005 -20"><span class='ocrx_word' id='word_1_56' title='bbox 196 836 324 890; x_wconf 79' lang='lat' dir='ltr'><strong>sime,</strong></span> <span class='ocrx_word' id='word_1_57' title='bbox 362 852 468 894; x_wconf 85' lang='lat' dir='ltr'><strong>quae</strong></span> <span class='ocrx_word' id='word_1_58' title='bbox 499 837 553 879; x_wconf 83' lang='lat' dir='ltr'><strong>ad</strong></span> <span class='ocrx_word' id='word_1_59' title='bbox 583 840 922 898; x_wconf 86' lang='lat' dir='ltr'><strong>interpretandos</strong></span> <span class='ocrx_word' id='word_1_60' title='bbox 958 842 1088 883; x_wconf 86' lang='lat' dir='ltr'><strong>libros</strong></span> <span class='ocrx_word' id='word_1_61' title='bbox 1113 842 1170 885; x_wconf 90' lang='lat' dir='ltr'><strong>N.</strong></span> <span class='ocrx_word' id='word_1_62' title='bbox 1201 842 1250 885; x_wconf 89' lang='lat' dir='ltr'><strong>T.</strong></span> <span class='ocrx_word' id='word_1_63' title='bbox 1276 843 1501 885; x_wconf 86' lang='lat' dir='ltr'><strong>historicos</strong></span> 
     </span>
     <span class='ocr_line' id='line_1_10' title="bbox 195 916 1500 973; baseline 0.008 -18"><span class='ocrx_word' id='word_1_64' title='bbox 195 916 430 973; x_wconf 85' lang='lat' dir='ltr'><strong>pertinent,</strong></span> <span class='ocrx_word' id='word_1_65' title='bbox 452 929 744 962; x_wconf 86' lang='lat' dir='ltr'><strong>secernentem</strong></span> <span class='ocrx_word' id='word_1_66' title='bbox 763 931 805 962; x_wconf 90' lang='lat' dir='ltr'><strong>et</strong></span> <span class='ocrx_word' id='word_1_67' title='bbox 821 921 866 962; x_wconf 90' lang='lat' dir='ltr'><strong>in</strong></span> <span class='ocrx_word' id='word_1_68' title='bbox 885 936 1004 962; x_wconf 91' lang='lat' dir='ltr'><strong>usum</strong></span> <span class='ocrx_word' id='word_1_69' title='bbox 1026 932 1359 965; x_wconf 87' lang='lat' dir='ltr'><strong>convertentem.</strong></span> <span class='ocrx_word' id='word_1_70' title='bbox 1404 922 1500 965; x_wconf 85' lang='lat' dir='ltr'><strong>Hac</strong></span> 
     </span>
     <span class='ocr_line' id='line_1_11' title="bbox 190 992 1503 1057; baseline 0.007 -24"><span class='ocrx_word' id='word_1_71' title='bbox 190 992 408 1048; x_wconf 85' lang='lat' dir='ltr'><strong>judicandi</strong></span> <span class='ocrx_word' id='word_1_72' title='bbox 431 996 664 1039; x_wconf 51' lang='lat' dir='ltr'><strong>acrimonia</strong></span> <span class='ocrx_word' id='word_1_73' title='bbox 688 998 799 1040; x_wconf 89' lang='lat' dir='ltr'><strong>inter</strong></span> <span class='ocrx_word' id='word_1_74' title='bbox 820 999 963 1057; x_wconf 86' lang='lat' dir='ltr'><strong>spuria</strong></span> <span class='ocrx_word' id='word_1_75' title='bbox 985 1000 1142 1057; x_wconf 86' lang='lat' dir='ltr'><strong>scripta</strong></span> <span class='ocrx_word' id='word_1_76' title='bbox 1161 1001 1392 1054; x_wconf 65' lang='lat' dir='ltr'><strong>recensuit,</strong></span> <span class='ocrx_word' id='word_1_77' title='bbox 1423 999 1503 1042; x_wconf 86' lang='lat' dir='ltr'><strong>dis-</strong></span> 
     </span>
     <span class='ocr_line' id='line_1_12' title="bbox 193 1072 1499 1134; baseline 0.005 -22"><span class='ocrx_word' id='word_1_78' title='bbox 193 1072 460 1128; x_wconf 85' lang='lat' dir='ltr'><strong>putationem</strong></span> <span class='ocrx_word' id='word_1_79' title='bbox 479 1089 606 1116; x_wconf 72' lang='grc' dir='ltr'><strong>ΡΕΤΒΙ</strong></span> <span class='ocrx_word' id='word_1_80' title='bbox 626 1090 722 1117; x_wconf 85' lang='lat' dir='ltr'><strong>cum</strong></span> <span class='ocrx_word' id='word_1_81' title='bbox 745 1091 905 1118; x_wconf 75' lang='lat' dir='ltr'><strong>smoNE</strong></span> <span class='ocrx_word' id='word_1_82' title='bbox 925 1091 1045 1118; x_wconf 71' lang='lat' dir='ltr'><strong>MAGo</strong></span> <span class='ocrx_word' id='word_1_83' title='bbox 1061 1076 1145 1134; x_wconf 85' lang='lat'>(1),</span> <span class='ocrx_word' id='word_1_84' title='bbox 1167 1088 1290 1134; x_wconf 84' lang='lat' dir='ltr'><strong>atque</strong></span> <span class='ocrx_word' id='word_1_85' title='bbox 1308 1078 1499 1120; x_wconf 89' lang='lat' dir='ltr'><strong>libellum</strong></span> 
     </span>
     <span class='ocr_line' id='line_1_13' title="bbox 194 1150 1498 1214; baseline 0.005 -22"><span class='ocrx_word' id='word_1_86' title='bbox 194 1165 290 1193; x_wconf 75' lang='lat' dir='ltr'><strong>mm</strong></span> <span class='ocrx_word' id='word_1_87' title='bbox 311 1150 364 1193; x_wconf 89' lang='lat' dir='ltr'><strong>de</strong></span> <span class='ocrx_word' id='word_1_88' title='bbox 384 1167 521 1201; x_wconf 62' lang='lat' dir='ltr'><strong>manzo</strong></span> <span class='ocrx_word' id='word_1_89' title='bbox 544 1164 586 1195; x_wconf 88' lang='lat' dir='ltr'><strong>et</strong></span> <span class='ocrx_word' id='word_1_90' title='bbox 609 1169 750 1196; x_wconf 80' lang='lat' dir='ltr'><strong>PAULO</strong></span> <span class='ocrx_word' id='word_1_91' title='bbox 770 1154 853 1212; x_wconf 88' lang='lat'>(2),</span> <span class='ocrx_word' id='word_1_92' title='bbox 875 1155 979 1196; x_wconf 87' lang='lat' dir='ltr'><strong>item</strong></span> <span class='ocrx_word' id='word_1_93' title='bbox 1001 1156 1160 1212; x_wconf 86' lang='lat' dir='ltr'><strong>scripta</strong></span> <span class='ocrx_word' id='word_1_94' title='bbox 1183 1171 1397 1198; x_wconf 72' lang='lat' dir='ltr'><strong>mconmul</strong></span> <span class='ocrx_word' id='word_1_95' title='bbox 1416 1156 1498 1214; x_wconf 84' lang='lat'>(3),</span> 
     </span>
     <span class='ocr_line' id='line_1_14' title="bbox 193 1232 1499 1290; baseline 0.005 -21"><span class='ocrx_word' id='word_1_96' title='bbox 193 1234 503 1286; x_wconf 79' lang='lat' dir='ltr'><strong>recognitiones</strong></span> <span class='ocrx_word' id='word_1_97' title='bbox 513 1238 557 1271; x_wconf 78' lang='lat' dir='ltr'><strong>et</strong></span> <span class='ocrx_word' id='word_1_98' title='bbox 565 1232 745 1272; x_wconf 78' lang='lat' dir='ltr'><strong>eoncilia</strong></span> <span class='ocrx_word' id='word_1_99' title='bbox 758 1246 1011 1285; x_wconf 74' lang='lat' dir='ltr'>CLEMENHS,</span> <span class='ocrx_word' id='word_1_100' title='bbox 1029 1232 1369 1289; x_wconf 79' lang='lat' dir='ltr'><strong>disputationem,</strong></span> <span class='ocrx_word' id='word_1_101' title='bbox 1393 1248 1499 1290; x_wconf 86' lang='lat' dir='ltr'><strong>quae</strong></span> 
     </span>
     <span class='ocr_line' id='line_1_15' title="bbox 191 1305 1498 1367; baseline 0.005 -20"><span class='ocrx_word' id='word_1_102' title='bbox 191 1305 328 1348; x_wconf 85' lang='lat' dir='ltr'><strong>fertur</strong></span> <span class='ocrx_word' id='word_1_103' title='bbox 359 1308 437 1349; x_wconf 86' lang='lat' dir='ltr'><strong>sub</strong></span> <span class='ocrx_word' id='word_1_104' title='bbox 474 1310 648 1351; x_wconf 89' lang='lat' dir='ltr'><strong>nomine</strong></span> <span class='ocrx_word' id='word_1_105' title='bbox 685 1324 924 1352; x_wconf 78' lang='lat' dir='ltr'>CLEMENTIS</span> <span class='ocrx_word' id='word_1_106' title='bbox 959 1308 1021 1367; x_wconf 80' lang='grc'><strong>(4)</strong></span> <span class='ocrx_word' id='word_1_107' title='bbox 1039 1340 1052 1364; x_wconf 86' lang='grc'>,</span> <span class='ocrx_word' id='word_1_108' title='bbox 1094 1309 1266 1353; x_wconf 88' lang='lat' dir='ltr'><strong>tandem</strong></span> <span class='ocrx_word' id='word_1_109' title='bbox 1303 1326 1498 1354; x_wconf 74' lang='lat' dir='ltr'><strong>momrsn</strong></span> 
     </span>
     <span class='ocr_line' id='line_1_16' title="bbox 192 1385 764 1446; baseline 0.009 -20"><span class='ocrx_word' id='word_1_110' title='bbox 192 1385 478 1443; x_wconf 81' lang='lat' dir='ltr'><strong>Areopagitae</strong></span> <span class='ocrx_word' id='word_1_111' title='bbox 507 1386 663 1429; x_wconf 89' lang='lat' dir='ltr'><strong>librum</strong></span> <span class='ocrx_word' id='word_1_112' title='bbox 685 1387 764 1446; x_wconf 83' lang='lat'><strong>(5).</strong></span> 
     </span>
    </p>

    <p class='ocr_par' dir='ltr' id='par_1_3' title="bbox 189 1462 1497 1761">
     <span class='ocr_line' id='line_1_17' title="bbox 251 1462 1497 1524; baseline 0.005 -20"><span class='ocrx_word' id='word_1_113' title='bbox 251 1462 410 1506; x_wconf 59' lang='lat' dir='ltr'><strong>Eadem</strong></span> <span class='ocrx_word' id='word_1_114' title='bbox 429 1464 628 1507; x_wconf 86' lang='lat' dir='ltr'><strong>facultate</strong></span> <span class='ocrx_word' id='word_1_115' title='bbox 645 1466 690 1507; x_wconf 92' lang='lat' dir='ltr'><strong>in</strong></span> <span class='ocrx_word' id='word_1_116' title='bbox 706 1466 895 1524; x_wconf 85' lang='lat' dir='ltr'><strong>patribus</strong></span> <span class='ocrx_word' id='word_1_117' title='bbox 915 1466 1132 1509; x_wconf 82' lang='lat' dir='ltr'><strong>Ecclesiae</strong></span> <span class='ocrx_word' id='word_1_118' title='bbox 1151 1466 1337 1522; x_wconf 85' lang='lat' dir='ltr'><strong>Graecis,</strong></span> <span class='ocrx_word' id='word_1_119' title='bbox 1355 1467 1497 1510; x_wconf 86' lang='lat' dir='ltr'><strong>laudat</strong></span> 
     </span>
     <span class='ocr_line' id='line_1_18' title="bbox 191 1543 1495 1605; baseline 0.004 -22"><span class='ocrx_word' id='word_1_120' title='bbox 191 1551 234 1583; x_wconf 87' lang='lat' dir='ltr'><strong>et</strong></span> <span class='ocrx_word' id='word_1_121' title='bbox 261 1543 471 1599; x_wconf 86' lang='lat' dir='ltr'><strong>sequitur,</strong></span> <span class='ocrx_word' id='word_1_122' title='bbox 504 1543 573 1586; x_wconf 90' lang='lat' dir='ltr'><strong>vel</strong></span> <span class='ocrx_word' id='word_1_123' title='bbox 607 1545 775 1603; x_wconf 88' lang='lat' dir='ltr'><strong>attingit</strong></span> <span class='ocrx_word' id='word_1_124' title='bbox 802 1560 1027 1588; x_wconf 75' lang='lat' dir='ltr'><strong>omeENEM</strong></span> <span class='ocrx_word' id='word_1_125' title='bbox 1048 1545 1134 1604; x_wconf 90' lang='lat'>(6),</span> <span class='ocrx_word' id='word_1_126' title='bbox 1165 1560 1389 1588; x_wconf 76' lang='lat' dir='ltr'><strong>IRENAEUM</strong></span> <span class='ocrx_word' id='word_1_127' title='bbox 1414 1545 1495 1605; x_wconf 87' lang='lat'>(7),</span> 
     </span>
     <span class='ocr_line' id='line_1_19' title="bbox 189 1620 1494 1682; baseline 0.005 -22"><span class='ocrx_word' id='word_1_128' title='bbox 189 1633 406 1662; x_wconf 70' lang='lat' dir='ltr'><strong>Eusnan</strong></span> <span class='ocrx_word' id='word_1_129' title='bbox 429 1620 510 1680; x_wconf 85' lang='lat'>(8),</span> <span class='ocrx_word' id='word_1_130' title='bbox 542 1637 702 1673; x_wconf 65' lang='lat' dir='ltr'><strong>PAPnM</strong></span> <span class='ocrx_word' id='word_1_131' title='bbox 722 1622 806 1681; x_wconf 85' lang='lat'>(9),</span> <span class='ocrx_word' id='word_1_132' title='bbox 838 1639 1063 1666; x_wconf 77' lang='lat' dir='ltr'>CYRILLUM</span> <span class='ocrx_word' id='word_1_133' title='bbox 1090 1623 1205 1682; x_wconf 88' lang='lat'>(10),</span> <span class='ocrx_word' id='word_1_134' title='bbox 1237 1639 1494 1667; x_wconf 67' lang='lat' dir='ltr'><strong>sueonum</strong></span> 
     </span>
     <span class='ocr_line' id='line_1_20' title="bbox 190 1700 1491 1761; baseline 0.004 -21"><span class='ocrx_word' id='word_1_135' title='bbox 190 1713 490 1743; x_wconf 69' lang='grc' dir='ltr'><strong>ΝΑΖΙΑΝΖΕΝΠΜ</strong></span> <span class='ocrx_word' id='word_1_136' title='bbox 530 1700 643 1759; x_wconf 88' lang='lat'>(11),</span> <span class='ocrx_word' id='word_1_137' title='bbox 674 1717 947 1746; x_wconf 73' lang='grc' dir='ltr'><strong>ΕΡΙΡΗΑΝΙΠΜ</strong></span> <span class='ocrx_word' id='word_1_138' title='bbox 972 1702 1089 1761; x_wconf 83' lang='lat'>(12),</span> <span class='ocrx_word' id='word_1_139' title='bbox 1132 1713 1176 1745; x_wconf 87' lang='lat' dir='ltr'><strong>et</strong></span> <span class='ocrx_word' id='word_1_140' title='bbox 1203 1703 1392 1745; x_wconf 89' lang='lat' dir='ltr'><strong>omnium</strong></span> <span class='ocrx_word' id='word_1_141' title='bbox 1422 1717 1491 1745; x_wconf 90' lang='lat' dir='ltr'><strong>ce-</strong></span> 
     </span>
    </p>
   </div>
   <div class='ocr_carea' id='block_1_3' title="bbox 204 1953 1293 2613">
    <p class='ocr_par' dir='ltr' id='par_1_4' title="bbox 225 1953 1105 2053">
     <span class='ocr_line' id='line_1_21' title="bbox 228 1953 1105 2001; baseline 0.003 -13"><span class='ocrx_word' id='word_1_142' title='bbox 228 1953 282 1998; x_wconf 87' lang='lat' dir='ltr'><strong>(l)</strong></span> <span class='ocrx_word' id='word_1_143' title='bbox 305 1957 384 1989; x_wconf 85' lang='lat' dir='ltr'><strong>vid.</strong></span> <span class='ocrx_word' id='word_1_144' title='bbox 413 1960 649 1999; x_wconf 81' lang='lat' dir='ltr'><strong>argumentum</strong></span> <span class='ocrx_word' id='word_1_145' title='bbox 673 1959 715 1990; x_wconf 84' lang='lat' dir='ltr'><strong>ad</strong></span> <span class='ocrx_word' id='word_1_146' title='bbox 742 1958 830 1990; x_wconf 83' lang='lat' dir='ltr'><strong>Acta</strong></span> <span class='ocrx_word' id='word_1_147' title='bbox 854 1959 1105 2001; x_wconf 80' lang='lat' dir='ltr'><strong>Apostolorum.</strong></span> 
     </span>
     <span class='ocr_line' id='line_1_22' title="bbox 225 2012 447 2053; baseline 0.027 -12"><span class='ocrx_word' id='word_1_148' title='bbox 225 2012 278 2053; x_wconf 88' lang='lat'><strong>(2)</strong></span> <span class='ocrx_word' id='word_1_149' title='bbox 304 2012 447 2047; x_wconf 71' lang='lat' dir='ltr'><strong>Ibidem.</strong></span> 
     </span>
    </p>

    <p class='ocr_par' dir='ltr' id='par_1_5' title="bbox 225 2068 679 2110">
     <span class='ocr_line' id='line_1_23' title="bbox 225 2068 679 2110; baseline 0.009 -12"><span class='ocrx_word' id='word_1_150' title='bbox 225 2068 279 2110; x_wconf 89' lang='grc'><strong>(3)</strong></span> <span class='ocrx_word' id='word_1_151' title='bbox 307 2068 385 2102; x_wconf 78' lang='lat' dir='ltr'><strong>vid.</strong></span> <span class='ocrx_word' id='word_1_152' title='bbox 411 2069 452 2100; x_wconf 81' lang='lat' dir='ltr'><strong>ad</strong></span> <span class='ocrx_word' id='word_1_153' title='bbox 477 2078 552 2102; x_wconf 71' lang='lat' dir='ltr'><strong>tue.</strong></span> <span class='ocrx_word' id='word_1_154' title='bbox 577 2070 614 2108; x_wconf 85' lang='lat'><strong>1.</strong></span> <span class='ocrx_word' id='word_1_155' title='bbox 647 2070 679 2103; x_wconf 88' lang='lat' dir='ltr'><strong>l.</strong></span> 
     </span>
    </p>

    <p class='ocr_par' dir='ltr' id='par_1_6' title="bbox 225 2123 1293 2222">
     <span class='ocr_line' id='line_1_24' title="bbox 225 2123 1293 2171; baseline 0.006 -17"><span class='ocrx_word' id='word_1_156' title='bbox 225 2123 278 2166; x_wconf 87' lang='grc'><strong>(4)</strong></span> <span class='ocrx_word' id='word_1_157' title='bbox 301 2123 378 2158; x_wconf 83' lang='lat' dir='ltr'><strong>vid.</strong></span> <span class='ocrx_word' id='word_1_158' title='bbox 405 2135 533 2167; x_wconf 76' lang='lat' dir='ltr'><strong>argum.</strong></span> <span class='ocrx_word' id='word_1_159' title='bbox 559 2125 601 2157; x_wconf 84' lang='lat' dir='ltr'><strong>ad</strong></span> <span class='ocrx_word' id='word_1_160' title='bbox 623 2126 703 2158; x_wconf 75' lang='lat' dir='ltr'><strong>Act.</strong></span> <span class='ocrx_word' id='word_1_161' title='bbox 727 2126 846 2171; x_wconf 76' lang='lat' dir='ltr'><strong>Apost.</strong></span> <span class='ocrx_word' id='word_1_162' title='bbox 875 2128 911 2159; x_wconf 71' lang='lat' dir='ltr'><strong>et</strong></span> <span class='ocrx_word' id='word_1_163' title='bbox 935 2127 977 2159; x_wconf 85' lang='lat' dir='ltr'><strong>ad</strong></span> <span class='ocrx_word' id='word_1_164' title='bbox 1000 2127 1079 2160; x_wconf 80' lang='lat' dir='ltr'><strong>Act.</strong></span> <span class='ocrx_word' id='word_1_165' title='bbox 1103 2127 1209 2168; x_wconf 88' lang='lat' dir='ltr'>VIII,</span> <span class='ocrx_word' id='word_1_166' title='bbox 1235 2127 1293 2161; x_wconf 85' lang='lat'><strong>24.</strong></span> 
     </span>
     <span class='ocr_line' id='line_1_25' title="bbox 227 2178 688 2222; baseline 0.009 -13"><span class='ocrx_word' id='word_1_167' title='bbox 227 2178 282 2222; x_wconf 86' lang='lat'><strong>(5)</strong></span> <span class='ocrx_word' id='word_1_168' title='bbox 307 2179 359 2211; x_wconf 81' lang='lat' dir='ltr'><strong>Ad</strong></span> <span class='ocrx_word' id='word_1_169' title='bbox 381 2180 462 2213; x_wconf 75' lang='lat' dir='ltr'><strong>Act.</strong></span> <span class='ocrx_word' id='word_1_170' title='bbox 487 2181 602 2220; x_wconf 82' lang='lat' dir='ltr'><strong>xvn,</strong></span> <span class='ocrx_word' id='word_1_171' title='bbox 629 2181 688 2213; x_wconf 85' lang='lat'><strong>34.</strong></span> 
     </span>
    </p>

    <p class='ocr_par' dir='ltr' id='par_1_7' title="bbox 224 2234 601 2275">
     <span class='ocr_line' id='line_1_26' title="bbox 224 2234 601 2275; baseline 0.008 -10"><span class='ocrx_word' id='word_1_172' title='bbox 224 2234 277 2275; x_wconf 71' lang='grc'><strong>(6)</strong></span> <span class='ocrx_word' id='word_1_173' title='bbox 301 2235 354 2266; x_wconf 83' lang='lat' dir='ltr'><strong>Ad</strong></span> <span class='ocrx_word' id='word_1_174' title='bbox 379 2246 451 2266; x_wconf 74' lang='lat' dir='ltr'><strong>mc.</strong></span> <span class='ocrx_word' id='word_1_175' title='bbox 477 2236 516 2275; x_wconf 87' lang='lat'><strong>1,</strong></span> <span class='ocrx_word' id='word_1_176' title='bbox 543 2235 601 2269; x_wconf 86' lang='lat'><strong>27.</strong></span> 
     </span>
    </p>

    <p class='ocr_par' dir='ltr' id='par_1_8' title="bbox 225 2286 622 2329">
     <span class='ocr_line' id='line_1_27' title="bbox 225 2286 622 2329; baseline 0.01 -10"><span class='ocrx_word' id='word_1_177' title='bbox 225 2286 280 2329; x_wconf 92' lang='grc'><strong>(7)</strong></span> <span class='ocrx_word' id='word_1_178' title='bbox 303 2288 355 2320; x_wconf 80' lang='lat' dir='ltr'><strong>Ad</strong></span> <span class='ocrx_word' id='word_1_179' title='bbox 379 2299 453 2322; x_wconf 74' lang='lat' dir='ltr'><strong>zue.</strong></span> <span class='ocrx_word' id='word_1_180' title='bbox 481 2290 536 2328; x_wconf 89' lang='lat'><strong>11,</strong></span> <span class='ocrx_word' id='word_1_181' title='bbox 564 2289 622 2323; x_wconf 82' lang='lat'><strong>40.</strong></span> 
     </span>
    </p>

    <p class='ocr_par' dir='ltr' id='par_1_9' title="bbox 225 2344 1131 2442">
     <span class='ocr_line' id='line_1_28' title="bbox 225 2344 1131 2389; baseline 0.007 -14"><span class='ocrx_word' id='word_1_182' title='bbox 225 2344 279 2386; x_wconf 89' lang='lat'><strong>(8)</strong></span> <span class='ocrx_word' id='word_1_183' title='bbox 302 2344 355 2376; x_wconf 82' lang='lat' dir='ltr'><strong>Ad</strong></span> <span class='ocrx_word' id='word_1_184' title='bbox 379 2355 452 2376; x_wconf 67' lang='lat' dir='ltr'><strong>zue.</strong></span> <span class='ocrx_word' id='word_1_185' title='bbox 478 2346 554 2382; x_wconf 89' lang='lat'>111,</span> <span class='ocrx_word' id='word_1_186' title='bbox 580 2347 639 2379; x_wconf 90' lang='lat'><strong>31.</strong></span> <span class='ocrx_word' id='word_1_187' title='bbox 666 2347 745 2380; x_wconf 78' lang='lat' dir='ltr'><strong>Act.</strong></span> <span class='ocrx_word' id='word_1_188' title='bbox 771 2346 859 2387; x_wconf 78' lang='grc' dir='ltr'><strong>ΧΠ,</strong></span> <span class='ocrx_word' id='word_1_189' title='bbox 889 2346 942 2380; x_wconf 83' lang='lat'><strong>17.</strong></span> <span class='ocrx_word' id='word_1_190' title='bbox 967 2348 1047 2389; x_wconf 84' lang='lat' dir='ltr'><strong>xv,</strong></span> <span class='ocrx_word' id='word_1_191' title='bbox 1077 2350 1131 2382; x_wconf 88' lang='lat'><strong>13.</strong></span> 
     </span>
     <span class='ocr_line' id='line_1_29' title="bbox 226 2399 696 2442; baseline 0.006 -10"><span class='ocrx_word' id='word_1_192' title='bbox 226 2399 279 2442; x_wconf 84' lang='lat'><strong>(9)</strong></span> <span class='ocrx_word' id='word_1_193' title='bbox 303 2399 355 2432; x_wconf 81' lang='lat' dir='ltr'><strong>Ad</strong></span> <span class='ocrx_word' id='word_1_194' title='bbox 377 2411 480 2434; x_wconf 69' lang='lat' dir='ltr'><strong>som.</strong></span> <span class='ocrx_word' id='word_1_195' title='bbox 506 2401 613 2441; x_wconf 86' lang='lat' dir='ltr'>VIII,</span> <span class='ocrx_word' id='word_1_196' title='bbox 638 2401 696 2435; x_wconf 85' lang='lat'><strong>37.</strong></span> 
     </span>
    </p>

    <p class='ocr_par' dir='ltr' id='par_1_10' title="bbox 204 2456 1096 2555">
     <span class='ocr_line' id='line_1_30' title="bbox 204 2456 1096 2501; baseline 0.007 -14"><span class='ocrx_word' id='word_1_197' title='bbox 204 2456 280 2497; x_wconf 88' lang='lat'><em>(10)</em></span> <span class='ocrx_word' id='word_1_198' title='bbox 303 2456 356 2488; x_wconf 83' lang='lat' dir='ltr'><strong>Ad</strong></span> <span class='ocrx_word' id='word_1_199' title='bbox 380 2467 511 2490; x_wconf 72' lang='grc' dir='ltr'><strong>ΜΑΤΤΗ.</strong></span> <span class='ocrx_word' id='word_1_200' title='bbox 538 2458 665 2497; x_wconf 86' lang='lat' dir='ltr'>XXVI,</span> <span class='ocrx_word' id='word_1_201' title='bbox 691 2458 748 2492; x_wconf 88' lang='lat'><strong>37.</strong></span> <span class='ocrx_word' id='word_1_202' title='bbox 774 2461 808 2491; x_wconf 85' lang='lat' dir='ltr'><strong>et</strong></span> <span class='ocrx_word' id='word_1_203' title='bbox 831 2470 933 2494; x_wconf 69' lang='lat' dir='ltr'><strong>son«.</strong></span> <span class='ocrx_word' id='word_1_204' title='bbox 959 2460 1035 2501; x_wconf 81' lang='lat'>111,</span> <span class='ocrx_word' id='word_1_205' title='bbox 1061 2461 1096 2493; x_wconf 88' lang='grc'><strong>8.</strong></span> 
     </span>
     <span class='ocr_line' id='line_1_31' title="bbox 204 2512 926 2555; baseline 0.008 -12"><span class='ocrx_word' id='word_1_206' title='bbox 204 2512 280 2555; x_wconf 89' lang='lat' dir='ltr'><strong>(ll)</strong></span> <span class='ocrx_word' id='word_1_207' title='bbox 304 2513 356 2545; x_wconf 75' lang='lat' dir='ltr'><strong>Ad</strong></span> <span class='ocrx_word' id='word_1_208' title='bbox 378 2524 479 2546; x_wconf 66' lang='lat' dir='ltr'><strong>som.</strong></span> <span class='ocrx_word' id='word_1_209' title='bbox 506 2515 545 2555; x_wconf 90' lang='lat'><strong>1,</strong></span> <span class='ocrx_word' id='word_1_210' title='bbox 575 2515 604 2546; x_wconf 89' lang='lat' dir='ltr'><strong>l.</strong></span> <span class='ocrx_word' id='word_1_211' title='bbox 630 2517 665 2548; x_wconf 73' lang='lat' dir='ltr'><strong>et</strong></span> <span class='ocrx_word' id='word_1_212' title='bbox 689 2515 766 2549; x_wconf 79' lang='lat' dir='ltr'><strong>Act.</strong></span> <span class='ocrx_word' id='word_1_213' title='bbox 793 2515 865 2555; x_wconf 85' lang='lat' dir='ltr'><strong>XV,</strong></span> <span class='ocrx_word' id='word_1_214' title='bbox 891 2515 926 2548; x_wconf 86' lang='lat'><strong>2.</strong></span> 
     </span>
    </p>

    <p class='ocr_par' dir='ltr' id='par_1_11' title="bbox 204 2567 634 2613">
     <span class='ocr_line' id='line_1_32' title="bbox 204 2567 634 2613; baseline 0.005 -14"><span class='ocrx_word' id='word_1_215' title='bbox 204 2567 278 2613; x_wconf 73' lang='lat'>(12)</span> <span class='ocrx_word' id='word_1_216' title='bbox 303 2569 354 2602; x_wconf 78' lang='lat' dir='ltr'><strong>Ad</strong></span> <span class='ocrx_word' id='word_1_217' title='bbox 378 2580 512 2605; x_wconf 71' lang='lat' dir='ltr'><strong>unm.</strong></span> <span class='ocrx_word' id='word_1_218' title='bbox 536 2570 573 2610; x_wconf 93' lang='lat'><strong>1,</strong></span> <span class='ocrx_word' id='word_1_219' title='bbox 600 2571 634 2602; x_wconf 81' lang='lat'><strong>6.</strong></span> 
     </span>
    </p>
   </div>
  </div>
 </body>
</html>
