1711 3047
755 188 836 228 103

136 325 254 366 tan-iis
281 323 565 366 inveniuntur.
629 324 692 366 Ita
715 324 917 366 Satanam
945 324 1049 365 dicit
1072 335 1162 366 astu
1182 335 1223 366 et
1241 324 1440 377 fallaciis,

139 402 313 460 spectris
334 411 376 444 et
397 402 624 444 visionibus
649 403 766 444 abuti
788 401 842 443 ad
865 417 957 444 suas
980 405 1244 463 praestigias,
1279 421 1378 448 LUC.
1405 406 1438 447 I.

146 482 213 524 18.
228 513 240 535 ,
263 482 362 524 Act.
383 481 506 535 XVI,
536 498 609 535 103
638 491 777 523 motus
796 481 1154 524 extraordinarios
1174 483 1212 524 ei
1230 484 1437 540 permitti,

137 576 317 618 quorum
348 561 410 602 vis
441 561 650 603 rationem
677 571 864 602 nostram
891 572 1060 618 superat
1091 576 1256 603 mxrrn.
1277 561 1331 614 V,
1359 561 1435 613 133

134 639 245 681 illius
286 639 520 682 ministerio
564 640 626 681 uti
667 654 814 693 nEtJM,
858 640 1021 696 quoties
1049 639 1139 681 vult
1170 640 1364 682 homines
1395 640 1438 680 in

137 718 312 760 exitium
349 719 600 776 praecipites
633 734 756 777 agere
785 733 950 761 MATTH.
985 718 1070 772 VI,
1111 719 1190 772 183
1224 735 1319 761 eum
1351 735 1442 762 om-

137 812 210 838 nes
240 797 403 839 animae
429 797 649 840 facultates
677 799 790 854 justo
815 814 890 840 nm
917 799 1121 856 permissu
1147 814 1441 857 corrumpere,

135 874 205 918 vel
252 887 521 934 pervertere,
565 892 732 919 MATTH.
783 877 883 929 XII,
938 892 1008 919 22.
1065 887 1307 935 tantamque
1353 893 1441 920 esse

136 955 314 996 omnino
352 957 439 1010 ejus
475 955 592 1008 vim,
637 965 683 996 ut
719 956 914 997 homines
949 955 1105 997 frustra
1143 956 1442 999 liberationem

137 1042 334 1089 sperent,
376 1032 515 1074 donec
553 1033 751 1074 subactus
783 1033 936 1086 fuerit,
976 1034 1084 1086 XII,
1119 1049 1200 1089 293
1233 1037 1320 1089 ejus
1354 1035 1443 1075 vim

136 1110 318 1152 maxime
340 1109 608 1167 perspicuam
634 1124 723 1151 esse
746 1109 789 1150 in
817 1109 1081 1152 concitandis
1101 1112 1325 1154 hominum
1354 1113 1443 1154 ani-

135 1190 240 1243 mis,
270 1199 317 1231 ut
348 1188 509 1230 nullam
531 1188 681 1244 judicii
701 1188 886 1246 speciem
913 1189 1058 1231 colant
1078 1192 1123 1232 in
1148 1190 1442 1249 persequendo

136 1267 370 1325 Evangelio
404 1267 503 1309 Act.
524 1266 651 1321 XVI,
684 1282 762 1321 22,
802 1282 983 1325 eumque
1023 1269 1167 1311 omnia
1205 1269 1316 1312 mala
1351 1286 1443 1312 mo·

136 1345 312 1387 lientem
345 1344 559 1387 interdum
591 1355 702 1387 totas
734 1345 980 1389 dementare
1011 1348 1139 1389 urbes
1177 1348 1276 1389 Act.
1311 1347 1441 1401 XVI,

143 1423 223 1477 16,
262 1422 359 1465 alia.

195 1502 390 1559 Denique
423 1501 476 1543 de
506 1502 716 1544 humanae
751 1513 924 1544 naturae
951 1503 1223 1546 facultatibus
1250 1505 1308 1547 ita
1331 1504 1447 1561 judi-

136 1591 229 1635 cat,
262 1592 311 1623 ut
337 1581 533 1623 notitiam
563 1581 749 1623 hominis
776 1591 874 1640 post
901 1582 1066 1640 lapsum
1089 1583 1193 1624 nihil
1217 1583 1330 1625 aliud
1359 1600 1447 1627 esse

135 1660 273 1714 dicat,
324 1676 450 1717 quam
495 1659 754 1703 horrendam
795 1659 1065 1704 idololatriae
1105 1672 1148 1703 et
1184 1664 1445 1721 superstitio-

135 1755 237 1782 num
266 1739 589 1796 scaturiginem,
635 1740 806 1796 ejusque
833 1738 1041 1795 judicium
1077 1742 1233 1798 partim
1265 1758 1446 1785 coecum

134 1826 178 1858 et
208 1826 553 1874 praeposterum,
589 1816 745 1874 partim
776 1817 973 1858 mutilum
1003 1828 1046 1859 et
1071 1819 1296 1861 confusum
1332 1836 1442 1875 esse,

133 1906 257 1952 atque
290 1895 336 1937 in
368 1896 459 1937 tota
488 1897 576 1950 ejus
604 1896 754 1936 natura
788 1895 949 1937 nullam
983 1896 1248 1939 rectitudinis
1278 1909 1438 1958 guttam

131 1988 348 2031 superesse
368 1973 422 2015 ad
443 1988 568 2016 JoAn.
590 1974 675 2027 ΙΙΙ,
697 1973 756 2026 6.;
779 1974 867 2015 imo
896 1985 1035 2017 totum
1056 1992 1187 2034 genus
1209 1977 1441 2021 humanum

133 2051 344 2110 pollutum
366 2062 408 2093 et
423 2051 617 2093 sordibus
631 2051 897 2108 inquinatum
918 2068 1006 2095 esse
1021 2054 1080 2095 ita
1101 2054 1294 2111 quidem,
1326 2067 1372 2098 ut
1391 2073 1441 2100 ex

135 2140 257 2172 utero
280 2130 386 2172 nihil
415 2130 638 2172 afferamus
660 2141 830 2188 praeter
858 2147 995 2174 meras
1023 2132 1192 2188 sordes,
1227 2151 1307 2178 nec
1328 2138 1442 2193 quic-

134 2224 260 2266 quam
289 2224 376 2250 esse
397 2208 441 2250 in
460 2220 611 2251 natura
629 2220 774 2251 nostra
791 2211 1078 2266 rectitudinis,
1111 2213 1227 2270 quod
1245 2230 1324 2257 nos
1346 2217 1441 2260 Deo

133 2288 358 2342 conciliet3
393 2303 540 2330 omnes
563 2298 702 2347 partes
727 2304 814 2331 esse
835 2290 1022 2345 vitiatas,
1045 2292 1144 2334 Act.
1164 2293 1268 2348 XV,
1293 2310 1338 2351 9.
1391 2297 1441 2338 In

132 2367 283 2424 quibus
313 2367 511 2409 omnibus
538 2368 744 2410 nonnulla
779 2380 894 2411 certe
931 2370 1102 2425 haberi,
1137 2388 1245 2430 quae
1283 2390 1308 2416 a
1344 2391 1442 2418 nasu

133 2459 305 2487 cnms'n
327 2456 370 2488 et
384 2448 680 2504 Apostolorum
703 2459 846 2490 mente
866 2450 1086 2505 aberrent,
1110 2467 1197 2494 non
1223 2464 1307 2507 est,
1328 2455 1444 2512 quod

131 2539 346 2567 moneam.
410 2525 520 2567 Illud
537 2526 634 2567 satis
652 2542 864 2585 superque
880 2539 1018 2587 patet,
1041 2546 1268 2587 quamnam
1290 2533 1373 2575 vim
1396 2534 1439 2575 in

130 2617 315 2646 cAnvmo
346 2604 571 2662 opiniones
600 2607 687 2661 ejus
721 2605 987 2666 dogmaticae
1019 2610 1258 2653 habuerint.
