1711 3047
814 246 863 281 32

259 356 377 392 Porro
415 354 673 406 Emphyteuta
713 364 864 393 tenetur
903 355 952 393 ad
986 356 1182 395 faciendas
1209 357 1466 409 reparationes

203 435 443 484 ordinarias,
484 434 522 486 l)
555 449 725 487 quaeque
759 450 801 474 ea
846 438 946 485 sint,
979 436 1159 489 colligere
1198 437 1379 476 debemus
1418 452 1465 476 ex

201 519 309 556 artic.
337 517 442 565 841,
470 517 537 555 ubi
565 526 837 556 enumerantur
851 519 1131 571 reparationes,
1159 534 1254 571 quae
1282 529 1464 571 tanquam

202 612 334 650 graves
373 598 573 637 habendae
610 609 717 647 sunt,
758 609 794 637 et
834 614 926 650 quas
963 614 1085 652 neque
1112 599 1315 648 dominus,
1342 614 1465 652 neque

199 679 458 731 Emphyteuta
492 681 616 717 facere
653 689 865 732 coguntur,
904 695 990 719 cum
1017 681 1195 719 dominus
1233 681 1282 719 ad
1309 681 1459 719 nullam

198 762 476 812 reparationem
497 760 713 798 faciendam
736 769 911 799 teneatur
926 792 935 809 ‚
958 761 999 814 2)
1028 777 1101 813 quo
1128 762 1231 800 idem
1253 762 1331 799 fere
1351 762 1465 813 signi-

199 841 359 889 ficatur,
400 841 503 893 quod
528 842 763 894 praecipitur
789 851 858 881 art.
904 844 1005 881 1566
1034 843 1126 882 Cod.
1156 844 1182 882 l.
1211 843 1437 896 Napoleont.
1455 873 1465 891 ,

199 925 330 974 Regno
369 923 602 961 Hollandiae
641 922 835 975 adoptati,
878 924 945 961 ubi
986 939 1109 976 neque
1137 925 1315 963 dominus
1342 939 1465 976 neque

198 1005 456 1057 Emphyteuta
481 1004 604 1041 teneri
632 1003 817 1041 dicuntur
841 1004 890 1042 ad
915 1006 1241 1044 reaedificandum
1269 1005 1335 1054 id,
1362 1006 1465 1057 quod

199 1095 384 1125 vetustate
410 1095 474 1123 aut
501 1085 576 1123 alia
601 1085 815 1123 calamitate
842 1086 1012 1124 dirutum
1041 1088 1100 1126 sit.

252 1168 312 1206 Ex
352 1167 541 1219 responsis
580 1181 601 1204 a
634 1166 788 1204 Summo
826 1168 989 1219 Imperio
1027 1167 1152 1216 datis⁷
1192 1168 1307 1205 talem
1345 1168 1461 1205 fuisse

200 1258 367 1286 mentem
401 1248 626 1299 legislatoris
660 1247 841 1286 distincte
874 1258 1031 1301 apparet
1065 1263 1111 1286 ex
1146 1249 1274 1288 verbis
1301 1263 1466 1301 sequen-

196 1330 324 1368 tibus:
388 1331 477 1367 «De
525 1330 725 1381 strekking
765 1344 842 1368 van
890 1330 948 1368 dit
988 1331 1127 1368 artikel
1162 1331 1193 1368 is
1232 1330 1349 1378 deze,
1397 1331 1464 1368 dat

203 1411 285 1448 «de
332 1411 633 1462 grondeigenaar
684 1420 738 1448 tot
788 1412 977 1462 geenerlei
1026 1413 1211 1463 reparatie
1261 1412 1463 1463 gehouden

205 1491 391 1540 «woidt,
434 1491 472 1528 al
510 1505 610 1529 vvare
649 1492 714 1529 het
739 1491 805 1529 dat
832 1491 879 1529 de
915 1493 1007 1529 zaak
1041 1493 1216 1530 verloren
1249 1494 1350 1545 ging.
1371 1510 1388 1529 »
1423 1492 1464 1543 3)

200 1575 325 1621 Quare
365 1582 489 1611 autem
517 1573 639 1625 prima
673 1583 709 1610 et
737 1573 903 1611 secunda
932 1588 1019 1625 pars
1044 1574 1158 1624 hujus
1186 1574 1278 1626 legis
1304 1574 1377 1612 sibi
1408 1576 1463 1612 in-

197 1656 320 1694 vicem
354 1668 523 1707 pugnare
550 1654 779 1702 videantur,
820 1664 861 1692 ut
899 1655 1081 1692 nonnulli
1120 1655 1284 1703 docent,
1313 1655 1353 1707 4)
1386 1671 1464 1694 non

199 1737 333 1788 liquet.
390 1737 422 1774 E
470 1736 661 1773 contrario
712 1735 772 1772 nil
824 1736 898 1772 nisi
944 1736 1125 1786 aequitati
1165 1746 1463 1774 consentaneum

199 1827 278 1866 est,
318 1817 517 1855 dominum
548 1816 690 1854 habere
724 1816 945 1854 facultatem
978 1816 1148 1854 faciendi
1183 1817 1248 1856 vel
1287 1832 1366 1856 non
1403 1818 1464 1855 fa-

199 1899 330 1937 ciendi
359 1899 633 1951 reparationes,
658 1912 754 1949 quae
781 1899 815 1936 ei
842 1898 996 1950 placent
1005 1914 1014 1947 3
1043 1913 1166 1949 neque
1192 1898 1263 1936 hac
1289 1900 1331 1937 in
1358 1909 1464 1951 parte

199 1980 357 2032 aliquod
397 1981 429 2017 ei
469 1979 625 2018 obtrudi
664 1978 833 2018 officium
872 1978 1010 2027 debet,
1048 1994 1165 2031 quum
1197 1981 1360 2017 maxime
1385 1982 1464 2031 ejus

202 2062 379 2109 intersit,
421 2075 469 2098 ne
508 2060 654 2099 fundus
694 2062 879 2111 intereat3
919 2062 949 2099 si
981 2070 1106 2099 autem
1146 2062 1334 2110 eveniret,
1361 2061 1464 2113 quod

201 2156 282 2180 mea
299 2172 309 2190 ‚
335 2142 470 2179 saltem
498 2143 711 2189 sententia,
751 2143 966 2194 saepissime
1004 2142 1174 2190 accidet,
1216 2152 1257 2180 ut
1284 2142 1461 2181 dominus

247 2346 280 2388 1)
329 2348 390 2377 Art
415 2345 505 2387 770,
532 2347 563 2378 C.
590 2347 622 2376 C.
650 2346 740 2386 Belg.

245 2409 279 2449 2)
327 2411 398 2440 Art.
423 2407 509 2448 770,
535 2409 568 2440 C.
594 2409 626 2440 C.
652 2409 742 2447 Belg.

244 2470 277 2511 3)
327 2472 372 2502 Cf.
399 2470 594 2510 Voorduin,
620 2471 708 2500 Tom.
736 2470 769 2500 3.
794 2470 845 2501 ad.
870 2475 931 2501 art.
959 2470 1033 2502 770.

242 2531 276 2573 4)
325 2533 370 2563 Cf.
398 2533 531 2564 Dissert.
558 2532 646 2562 laud.
663 2557 671 2572 ‚
699 2542 771 2572 pag.
797 2531 851 2561 79.
