1711 3047
765 184 846 227 109

155 349 191 374 κ.
213 347 252 374 τ.
277 329 314 372 λ.
341 343 437 370 cum
470 343 569 371 Luc.
597 327 762 382 XXIV,
796 327 868 371 36.
897 332 1026 370 ταῦτα
1051 328 1094 370 δὲ
1123 329 1260 371 αὐτῶν
1287 326 1459 371 λαλούν-

156 427 237 454 των
254 427 290 451 κ.
300 425 336 451 τ.
348 408 401 461 λ.,
420 423 612 461 monens,
626 423 712 450 nen
729 407 914 465 primum
933 407 1070 448 noctis
1089 407 1254 448 initium
1275 405 1462 465 designa-

157 504 203 531 re
222 503 420 530 JOANNEM
435 519 446 540 ‚
468 486 542 529 sed
569 487 815 545 simpliciter
830 485 1089 543 significare,
1106 495 1319 526 transacto
1337 483 1405 526 die
1422 494 1464 525 et

156 577 254 626 post
283 566 382 608 solis
417 581 637 619 occasum,
676 564 866 621 adeoque
902 564 1012 604 inter
1043 562 1203 604 medias
1234 563 1371 604 noctis
1408 573 1466 603 te·

161 646 314 687 nebras
334 660 552 686 cnmsrom
570 653 738 701 praeter
755 658 871 700 spem
892 642 1052 683 venisse
1072 640 1125 682 ad
1145 640 1372 698 discipulos
1390 639 1465 698 (Ι).

159 724 302 766 PAULI
333 724 487 775 verba,
525 722 642 763 vario
679 732 872 779 tempore
905 720 1095 778 prolata,
1129 722 1188 760 ita
1218 718 1464 776 componit,

161 814 210 845 ut
243 803 329 844 vim
363 803 591 844 verborum
624 798 798 842 minime
827 808 1011 858 premat,
1051 814 1090 841 e.
1123 814 1162 841 c.
1196 798 1293 840 Act.
1319 797 1398 849 IX,
1427 812 1467 855 7.

163 883 203 926 οἷ
223 883 266 926 δὲ
287 882 431 937 ἄνδρες
448 905 503 910 -
519 881 734 929 ἀκούοντες
755 881 830 934 μέν
848 885 918 934 τῆς
942 883 1079 932 φωνῆς
1099 896 1133 920 κ.
1153 895 1189 920 τ.
1210 879 1247 920 λ.
1292 875 1471 918 Videtur

162 961 247 1002 hoc
275 959 514 1017 discrepare
547 960 600 1000 ab
630 959 728 1001 Act.
757 958 902 1011 XXII,
938 973 982 1014 9.
1017 958 1091 999 ubi
1119 957 1296 1015 legimus
1326 959 1401 1008 τὴν
1428 955 1473 998 δὲ

164 1042 304 1092 φωνὴν
323 1040 394 1080 οὐκ
417 1044 594 1092 ἤκουσαν
615 1044 684 1080 τοῦ
705 1038 925 1086 λαλοῦντος
945 1054 1026 1090 μοι.
1091 1035 1175 1075 Sed
1198 1034 1287 1075 fieri
1312 1041 1473 1091 potest,

163 1126 210 1156 ut
231 1114 439 1156 audierint
461 1113 631 1172 quidem
653 1115 772 1155 vocis
793 1114 1002 1167 sonitum,
1031 1128 1121 1154 non
1145 1123 1288 1153 tamen
1318 1110 1475 1152 discer-

165 1203 338 1247 nerent,
365 1193 431 1234 vel
457 1194 547 1250 quis
569 1193 698 1234 verba
721 1192 902 1246 faceret,
933 1192 1001 1234 vel
1028 1191 1129 1248 quid
1156 1190 1368 1232 diceretur
1393 1189 1472 1248 (2).

167 1271 212 1312 Si
227 1286 330 1312 vero
347 1271 468 1312 locus
484 1269 826 1328 interpretandus
843 1271 902 1311 ita
921 1285 1009 1312 sese
1029 1270 1205 1322 habeat,
1235 1279 1281 1310 ut
1297 1269 1386 1310 veri
1403 1283 1479 1310 no-

167 1350 292 1391 minis
322 1349 647 1406 discrepantiam
676 1350 912 1402 contineat‚
937 1349 1209 1389 librariorum
1236 1347 1369 1388 errori
1393 1347 1478 1388 hoc

168 1425 437 1468 tribuendum
462 1442 550 1468 esse
569 1428 727 1469 statuit.
749 1426 838 1469 vid.
860 1426 912 1468 ad
933 1428 1032 1469 Act.
1049 1426 1149 1480 VII,
1171 1429 1236 1477 14.
1260 1429 1305 1470 ἐν
1326 1431 1479 1483 ψυχαῖς

170 1506 449 1564 ἑβδομήκοντα
471 1506 606 1549 πέντε.
658 1505 836 1563 Magnus
858 1506 986 1563 igitur
1007 1515 1069 1546 est
1089 1519 1296 1545 CALVINUS
1316 1504 1361 1545 in
1383 1519 1481 1545 enu-

172 1583 359 1627 cleandis
383 1585 632 1642 gravissimis
658 1585 785 1625 etiam
807 1583 1124 1625 difficultatibus
1153 1584 1285 1639 iisque
1316 1598 1480 1625 summa

172 1663 442 1720 simplicitate
467 1662 704 1705 tolliendis:
737 1663 870 1720 quid?
902 1662 1036 1720 quod,
1056 1678 1158 1720 prae
1181 1663 1391 1720 plerisque
1415 1662 1480 1703 in-

173 1742 449 1799 terpretibuS‚
474 1757 680 1784 summam
694 1743 773 1784 hac
793 1744 838 1784 in
856 1758 903 1784 re
924 1742 1065 1800 posuit
1086 1740 1334 1782 industriam
1356 1750 1481 1797 atque

173 1818 453 1876 diligentiam.

217 1991 272 2032 (l)
296 1991 348 2022 cf.
375 2000 529 2022 Rumon
553 1990 594 2022 ad
620 1991 655 2024 h.
683 1991 708 2023 1.

219 2045 273 2090 (2)
301 2047 362 2080 eff.
383 2058 464 2078 miza
480 2069 490 2087 ,
515 2057 706 2085 nscrton,
733 2055 906 2085 arnonus,
933 2056 1083 2077 κυιιτοεῐ,
1099 2048 1132 2078 et
1150 2056 1182 2079 v.
1200 2057 1220 2076 n
1251 2056 1336 2076 nnn
1352 2045 1442 2078 adh.
1462 2046 1487 2078 1,
