1711 3047
821 160 861 199 li

190 299 335 356 sileae,
366 317 443 360 per
461 311 542 343 tres
564 316 695 342 annos
717 300 994 358 'theologiam
1015 298 1185 353 docuit,
1220 314 1373 358 magno
1397 314 1492 340 cuin

191 380 431 423 auditorum
467 379 683 438 applausu.
763 377 964 431 Accedit,
1005 377 1121 435 quod
1156 379 1362 420 memoria
1395 393 1494 436 gau-

191 459 318 502 debat
349 459 609 511 incredibili,
641 469 683 501 et
706 456 867 514 judicio
898 468 985 498 tam
1008 468 1156 499 exacto
1183 472 1374 514 puroque
1405 456 1490 514 (1),

189 549 235 579 ut
269 538 586 594 quibuscunque
617 535 670 578 de
702 537 826 578 rebus
861 546 1101 594 rogaretur,
1133 551 1242 593 pene
1274 535 1494 576 vaticinari

187 615 415 658 videretur.
481 616 705 657 Praeterea
741 629 817 656 suo
856 629 952 656 cum
986 614 1251 667 hominibus,
1293 614 1335 654 in
1370 613 1494 654 variis

188 695 432 753 regionibus
460 694 726 753 degentibus,
761 694 1042 745 commercio,
1075 693 1345 751 sagacitatem
1367 703 1409 734 et
1430 707 1494 733 son

186 773 352 814 lertiam
390 773 468 814 sibi
500 773 775 830 acquisiverat
812 787 937 829 quani
977 772 1216 813 maximam.
1299 771 1493 828 Denique

185 849 390 909 legendo,
423 850 673 904 scribendo,
708 849 909 892 dictando
952 859 1113 891 tantam
1153 850 1232 890 sibi
1270 864 1492 907 compara·

185 939 304 969 verat
331 926 545 968 scribendi
573 928 800 985 puritatem
828 939 870 969 et
895 928 1170 986 gravitatem,
1204 939 1251 969 ut
1277 943 1300 969 a
1324 929 1492 970 nemine

172 1004 307 1047 -facile
327 1015 607 1063 superaretur.
673 1005 793 1057 Quae
818 1021 915 1046 cum
938 1006 995 1046 ita
1016 1006 1120 1059 sint,
1143 1006 1286 1064 negari
1310 1022 1395 1047 non
1417 1022 1491 1064 po-

182 1094 288 1137 test,
324 1098 545 1125 cALvmum
579 1082 632 1124 ad
664 1083 1004 1142 interpretandos
1030 1084 1161 1126 libros
1188 1100 1330 1126 sacros
1355 1100 1491 1127 accesn

182 1163 279 1205 sisse
315 1162 482 1220 Optime
506 1171 707 1220 paratum
743 1171 787 1203 et
810 1168 1088 1204 exercitatum
1121 1163 1200 1221 (2).

217 1360 270 1402 (1)
297 1360 370 1391 Non
404 1369 539 1402 possum
575 1372 642 1393 non
678 1361 958 1400 similitudinem,
997 1372 1085 1402 quae
1121 1371 1295 1393 curruum
1335 1362 1424 1394 inter
1458 1365 1494 1395 et

301 1425 463 1446 aceolum
486 1426 668 1456 annuum,
695 1428 765 1448 non
788 1429 855 1449 uno
882 1419 1038 1457 nomine,
1068 1417 1271 1456 intercedit,
1300 1417 1401 1449 verbo
1429 1429 1492 1449 no-

299 1476 382 1503 tare.
431 1472 573 1512 Utrique
596 1476 751 1514 parentes
776 1473 1016 1513 contigerunt,
1043 1472 1166 1512 quibus
1190 1473 1347 1513 religiosa
1366 1483 1492 1515 puero-

296 1537 370 1557 rum
403 1526 560 1558 educatio
596 1528 690 1559 cordi
726 1532 810 1560 erat.
873 1530 1044 1569 Uterque,
1084 1530 1226 1570 egregiis
1258 1540 1326 1561 non
1360 1533 1492 1562 tantum

297 1582 464 1623 magistris
494 1583 528 1613 in
561 1583 772 1626 disciplinam
808 1588 860 1616 est
893 1585 1058 1624 traditus,
1094 1586 1152 1617 sed
1186 1586 1352 1628 ejusmodi
1387 1587 1489 1627 viris,

298 1648 441 1679 quorum
468 1639 684 1671 institutione
705 1644 740 1671 et
762 1641 964 1671 commercio
987 1641 1125 1672 meliora
1149 1640 1191 1672 de
1216 1641 1380 1682 religione
1409 1653 1491 1685 cog-

299 1695 414 1733 novit3
441 1704 638 1727 ouvmnro
663 1698 698 1727 et
720 1706 891 1727 womuno
909 1706 1075 1727 carmus
1090 1719 1100 1735 ,
1128 1707 1488 1738 urrannoc-AAnn'rro,

297 1751 369 1783 aliis
406 1762 571 1784 eronus.
627 1754 800 1793 Uterque,
838 1753 892 1783 vix
923 1753 1085 1794 juvenis,
1122 1754 1248 1784 multos
1284 1764 1490 1796 magnosque

297 1808 380 1839 fecit
411 1809 445 1839 in
480 1809 589 1840 literis
621 1811 656 1841 et
688 1809 901 1851 philosophia
933 1819 1150 1851 progressus,
1191 1797 1353 1851 jurisque¹
1378 1811 1490 1843 studia

297 1865 438 1907 primum
465 1868 602 1897 secutus
627 1869 692 1898 est.
742 1866 884 1906 Utrique
909 1864 1112 1896 admirabilis
1139 1865 1267 1907 ingenii
1288 1865 1485 1909 ἀκρίβεια,

296 1920 453 1952 memoria
484 1920 704 1952 incredibilis.
762 1922 912 1962 Uterque
947 1925 1085 1964 propter
1111 1921 1299 1953 doctrinam
1325 1921 1489 1954 domicilii

295 1976 408 2007 aedem
436 1976 628 2016 relinquere
655 1976 721 2006 fuit
744 1979 908 2014 coactus,
933 1986 1084 2007 arnonus
1112 1976 1343 2014 Hollandiam,
1374 1977 1487 2009 Gene-

295 2043 369 2063 vam
399 2041 580 2063 cunnus,
629 2032 780 2071 Uterque
804 2031 950 2071 denique
977 2033 1010 2062 in
1036 2031 1198 2062 librorum
1224 2042 1252 2063 s.
1282 2031 1489 2074 interpreta-

296 2088 388 2119 tione
412 2098 576 2128 magnus,
604 2087 649 2119 cs.
678 2097 809 2117 staua
835 2088 952 2118 oratio
976 2087 1017 2118 de
1045 2097 1182 2118 nucoiu:
1209 2096 1355 2119 onorio.

212 2144 264 2185 12)
288 2144 371 2176 Usus
395 2153 465 2173 sum
490 2143 521 2172 in
548 2142 660 2174 hisce:
688 2152 829 2173 cuum
853 2144 929 2174 vila
953 2153 970 2174 a
993 2153 1076 2173 maza
1103 2143 1317 2185 conscripta,
1345 2143 1486 2175 editioni

295 2197 391 2239 ejus,
427 2197 748 2228 Commentariorum
782 2198 814 2228 in
849 2197 1055 2228 harmoniam
1083 2199 1358 2239 Evangeliorum,
1385 2210 1485 2240 quam

295 2252 425 2284 curavit
450 2262 628 2290 rnozucx,
656 2253 846 2294 praemissa.
898 2264 1028 2292 unu,
1057 2254 1287 2286 Dictionaire
1307 2255 1433 2287 Moror.
1452 2261 1485 2288 et

294 2310 415 2351 critiq.
447 2309 480 2339 in
508 2320 601 2341 voce.
662 2309 746 2341 Ven.
778 2320 889 2347 num,
919 2310 993 2341 101³
1018 2320 1102 2341 over
1131 2307 1270 2353 Calvff'jn
1293 2311 1327 2342 in
1355 2311 1484 2344 meum

298 2365 504 2407 Christelg'jk
528 2365 792 2408 manuel-schrift
804 2388 812 2402 ‚
841 2366 930 2397 Tom.
946 2366 988 2404 V,
1016 2365 1061 2397 vl
1077 2370 1111 2397 et
1126 2367 1203 2399 vn.
1244 2366 1293 2398 Cl.
1312 2378 1354 2398 DE
1370 2378 1456 2399 cun
1471 2392 1479 2407 ‚

294 2432 376 2466 oper
391 2423 446 2454 het
462 2421 609 2464 zedeltsse
624 2421 803 2452 Jx'arakcer
827 2422 890 2452 der
903 2423 1140 2453 llervormers
1155 2422 1188 2452 in
1205 2423 1290 2464 Opp.
1305 2423 1381 2455 Soc.
1396 2424 1478 2465 Hag-

293 2478 566 2510 anni183let1v.
589 2487 700 2508 namn
715 2499 724 2515 ,
750 2476 825 2508 Das
845 2476 1080 2508 Lebensonm
1093 2487 1236 2509 cnvnrs
1251 2479 1310 2509 des
1329 2479 1482 2512 Groseen
1506 2470 1513 2476 ⁸

292 2535 562 2577 Reformators‚
591 2535 689 2575 cujus
713 2534 824 2575 operis
849 2533 916 2564 duo
940 2533 1008 2564 huc
1035 2543 1140 2574 usque
1164 2533 1248 2565 editi
1270 2537 1350 2566 sunt
1374 2536 1478 2576 tomi,

292 2601 434 2631 quorum
461 2591 627 2633 posterior
650 2590 806 2623 continet
828 2600 966 2621 cuum
991 2590 1093 2621 vitani
1121 2589 1161 2622 ad
1187 2601 1309 2622 annum
1339 2592 1438 2626 1549.
