1711 3047
792 168 865 209 121

190 323 320 356 ceret.
383 310 490 353 Cum
521 320 661 351 autem
694 309 798 351 haec
834 306 1096 366 intelligendi
1127 307 1352 350 dexteritas
1383 308 1488 349 mul-

189 390 241 432 tis
266 388 510 432 hominibus
531 389 585 431 sit
607 388 802 447 propria,
825 397 1051 445 propterea
1080 401 1166 428 non
1190 385 1297 428 adeo
1321 386 1489 428 laudan·

189 467 242 510 da
276 467 414 522 foret,
456 468 532 510 nisi
563 467 643 509 alia
674 467 713 508 ei
748 465 978 508 arctissime
1011 468 1156 522 juncta
1195 475 1303 507 esset
1334 466 1488 519 virtus,

186 561 292 604 quae
315 546 436 601 facit,
460 557 508 589 ut
524 546 711 604 priorem
732 544 848 586 illam
871 544 1042 600 majoris
1066 544 1344 585 aestimemus.
1390 543 1490 585 Plu-

185 625 303 667 rimis
324 626 436 667 enim
458 625 720 678 hominibus,
744 624 891 681 quibus
912 622 1047 664 facilis
1070 633 1132 665 est
1151 621 1204 664 ad
1225 638 1291 664 res
1314 637 1490 681 cognos-

185 702 341 746 cendas
368 703 527 758 aditus,
558 704 726 761 privum
748 712 832 757 est,
863 712 910 744 ut
932 717 1070 759 neque
1090 711 1224 743 totam
1255 716 1347 743 rem
1370 715 1488 742 com-

182 781 445 840 plectantur,
472 793 514 824 et
538 782 583 824 in
605 797 748 824 earum
766 780 989 840 superficie
1011 780 1250 823 subsistant.
1314 779 1412 820 Non
1430 779 1489 820 ita

185 875 409 904 canvmus.
458 861 696 919 Perspicax
736 860 849 902 enim
884 859 964 901 fuit
1000 861 1087 915 ejus
1126 857 1378 900 intellectus.
1439 857 1489 898 In

183 938 405 981 hominum
424 949 611 982 mentem
626 939 883 997 penetravit3
906 938 1134 980 verborum
1152 952 1339 990 sensum,
1367 951 1489 994 agen·

183 1016 311 1069 tium,
335 1016 584 1070 dicentium,
606 1017 883 1059 scribentium
902 1017 1113 1069 animum,
1131 1015 1268 1068 ideas,
1285 1014 1461 1055 consilia
1474 1045 1486 1067 ,

183 1092 432 1135 affectiones
463 1093 631 1150 penitus
652 1094 774 1133 novit
803 1093 1096 1149 esseipsssuim
1130 1091 1268 1132 forma
1291 1091 1489 1148 larvaque

181 1171 321 1213 verbis
343 1181 387 1214 et
406 1171 534 1214 rebus
557 1170 775 1224 detractis,
797 1170 1156 1217 variaffiominum
1173 1169 1329 1225 studia,
1352 1170 1488 1212 lecto·-

180 1249 298 1291 ribus
330 1247 633 1307 conspicienda
666 1247 797 1290 dedit.
859 1245 979 1300 Quae
1009 1247 1122 1289 illius
1154 1248 1285 1289 virtus
1317 1263 1368 1289 ex
1402 1249 1487 1290 sin-

181 1327 378 1387 gulorum
410 1326 607 1370 locorum
637 1325 1016 1384 interpretatione,
1059 1326 1242 1368 maxime
1281 1341 1332 1368 ex
1362 1325 1487 1369 dictis

179 1405 297 1449 Part.
327 1406 404 1449 HI.
433 1406 540 1464 Cap.
574 1404 650 1448 IV.
679 1415 722 1448 et
748 1405 852 1463 Cap.
878 1404 934 1448 V.
962 1402 1130 1446 abunde
1153 1415 1286 1462 patet.
1348 1405 1486 1462 Acce·⁴

178 1484 309 1527 debat
336 1485 512 1539 eximia,
538 1500 620 1542 qua
644 1483 880 1543 gaudebat,
909 1483 1168 1541 phantasia,
1202 1499 1285 1541 qua
1306 1498 1373 1525 res
1403 1483 1483 1525 sibi

180 1562 308 1606 facile
337 1563 703 1622 repraesentabat,
738 1563 799 1605 ita
830 1561 1025 1618 quidem,
1055 1573 1103 1604 ut
1128 1564 1214 1619 ejus
1240 1562 1398 1620 scripta
1424 1562 1484 1604 le-

179 1651 350 1699 gentes,
387 1641 608 1684 videamur
634 1641 760 1684 nobis
787 1639 965 1683 subinde
991 1641 1118 1683 rebus
1143 1640 1244 1699 ipsis
1260 1672 1272 1694 ,
1304 1641 1349 1682 in
1380 1655 1485 1698 qua·

177 1734 271 1763 rum
292 1721 641 1779 interpretatione
658 1731 868 1775 versatur,
886 1721 1101 1763 interesse.
1149 1719 1278 1773 Quod
1301 1719 1482 1763 maxime

177 1799 290 1842 valet
311 1799 364 1843 de
386 1802 476 1857 ejus
499 1801 544 1843 in
566 1801 676 1843 Acta
695 1800 1003 1859 Apostolorum
1027 1800 1354 1842 commentariis.

770 1938 880 2001 §a

568 2056 855 2100 Conservandi
869 2056 1083 2115 facultas,

236 2193 508 2255 Intelligendi
542 2209 646 2237 vero
679 2194 880 2249 facultas,
921 2195 998 2237 etsi
1027 2193 1285 2237 admirabilis
1318 2195 1391 2238 sua
1417 2197 1479 2239 in-

176 2275 277 2318 dole
302 2285 389 2329 est,
425 2290 514 2316 non
539 2274 599 2316 ita
624 2273 874 2333 prodesset,
908 2274 987 2316 nisi
1017 2274 1099 2316 alia
1129 2273 1292 2316 adesset
1322 2274 1481 2333 ingenii

173 2354 259 2408 vis,
291 2369 375 2411 qua
403 2352 535 2395 semel
562 2353 801 2408 intellecta,
833 2353 964 2395 veluti
990 2353 1036 2395 in
1064 2368 1264 2395 acervum
1302 2368 1480 2412 congre-

174 2441 339 2490 gantur.
401 2431 656 2474 Memoriam
688 2432 844 2486 innuo,
885 2431 940 2474 N.
973 2432 1024 2475 T.
1061 2432 1282 2491 interpreti
1313 2432 1480 2473 utilissi-

173 2525 289 2551 mam
319 2510 460 2565 illam,
490 2511 579 2553 imo
612 2511 739 2570 plane
769 2511 1062 2554 necessariam.
1126 2511 1262 2553 Tanta
1282 2511 1395 2553 enim
1415 2520 1479 2553 est

174 2586 394 2632 doctrinae
439 2589 590 2648 copia,
630 2599 747 2633 tanta
786 2589 1095 2645 subsidiorum,
1139 2590 1287 2648 quibus
1324 2588 1476 2632 doctus
