1711 3047
794 272 839 308 18

179 387 261 423 tur,
284 387 383 415 mota
411 387 464 415 est
491 379 682 428 quaestio,
712 392 760 415 an
783 378 961 416 dominus
982 379 1045 427 jus
1070 379 1232 416 retineat
1253 379 1449 417 ordinari—

178 472 235 495 am
251 458 474 510 sylvestrem
489 473 680 496 caesuram
696 459 864 497 faciendi
880 489 890 507 ,
917 459 1168 510 arborumque
1184 459 1448 513 decerptorum

178 541 260 578 loco
288 554 407 578 novas
433 541 572 592 poterit
599 541 722 578 facere
748 541 980 579 insitiones?
1021 539 1058 591 1)
1106 540 1167 578 Ad
1193 540 1294 579 hanc
1317 556 1447 592 quaes-

174 623 314 659 tionem
342 635 563 673 responsum
591 631 669 669 est,
690 636 807 672 quum
833 623 875 659 in
901 621 1017 659 hocce
1044 621 1158 658 titulo
1184 630 1334 659 tantum
1363 623 1448 660 Em-

174 703 380 754 phyteutae
395 702 704 740 adscriberentur
730 704 914 750 arbores,
938 703 999 740 vel
1021 717 1114 739 casu
1126 704 1309 751 fortuito
1323 704 1447 752 dejec-

174 791 256 827 tae,
292 783 352 821 vel
383 789 588 829 mortuae,
620 783 721 820 nihil
750 797 846 831 esse,
882 783 984 834 quod
1007 783 1206 821 dominum
1228 783 1447 836 impediret,

172 864 375 916 quominus
407 865 493 913 jure
532 878 598 901 suo
638 873 829 912 uteretur,
863 864 1073 903 secundum
1112 865 1166 902 rei
1206 874 1382 902 naturam
1411 873 1448 902 et

173 945 457 993 ordinationes,
484 944 532 982 ad
553 945 652 982 hanc
679 959 757 982 rem
783 955 1019 997 spectantes,
1054 946 1292 984 credendum
1319 955 1447 983 tamen

172 1037 251 1074 est,
294 1042 371 1065 non
396 1028 615 1077 frequenter
644 1026 732 1064 talis
770 1027 1070 1079 Emphyteuseos
1096 1028 1243 1079 generis
1281 1028 1447 1064 mentio-

174 1122 259 1147 nem
287 1121 496 1146 occurrere.

225 1190 364 1238 Quaeri
409 1198 554 1241 potest,
601 1203 649 1226 an
683 1190 870 1236 accessio,
913 1203 1008 1240 quae
1048 1190 1246 1227 fructuum
1287 1202 1445 1226 numero

174 1286 249 1310 non
277 1280 331 1308 est
348 1301 357 1319 ,
386 1284 416 1308 e.
454 1284 487 1322 g.
528 1270 751 1317 thesaurus,
779 1270 827 1307 ab
854 1270 1111 1322 Emphyteuta
1138 1272 1180 1308 in
1206 1269 1330 1307 fundo
1368 1284 1442 1307 em-

173 1352 396 1405 phyteutico
435 1352 641 1399 inventus,
681 1351 730 1389 ad.
772 1366 857 1389 eum
894 1361 994 1390 totus
1020 1352 1233 1404 pertineat,
1266 1365 1335 1389 nec
1362 1352 1442 1388 ne'?

173 1435 254 1471 Hac
295 1433 341 1470 de
375 1446 412 1468 re
447 1433 548 1469 inter
575 1433 673 1470 Ictos
711 1441 746 1469 et
777 1433 882 1470 Juris
910 1434 1070 1470 Romani
1108 1433 1334 1484 interpretes
1366 1446 1443 1470 non

175 1523 345 1561 constat,
389 1522 425 1550 et
464 1514 552 1564 quia
591 1513 689 1565 leges
715 1512 762 1550 de
787 1513 859 1550 hoc
899 1527 987 1550 casu
1016 1513 1172 1550 omnino
1200 1513 1340 1560 silent,
1369 1512 1443 1550 dif-

174 1595 275 1633 ficile
310 1595 406 1642 erit,
447 1593 546 1631 hanc
585 1595 869 1645 quaestionem,
909 1593 1019 1631 nullo
1047 1593 1170 1631 dubio
1198 1603 1442 1642 remanente,

174 1677 373 1714 resolvere.
437 1675 590 1713 Clariss.
629 1676 926 1727 Warnk'onig
959 1674 999 1725 2)
1037 1675 1213 1726 negative
1254 1675 1302 1713 ad
1342 1675 1442 1714 hanc

173 1757 431 1809 quaestionem
466 1756 725 1808 respondens,
765 1757 992 1793 sententiam
1017 1755 1267 1793 Thibautii
1294 1765 1444 1794 secutus

172 1848 225 1876 est
242 1868 250 1884 ,
279 1839 340 1875 cui
365 1852 442 1875 non
468 1837 565 1874 bene
592 1847 770 1889 apparet,
800 1851 847 1874 ex
872 1851 945 1888 quo
968 1837 1055 1887 jure
1075 1836 1123 1874 ad
1146 1836 1441 1888 Emphyteutam

174 1920 371 1957 thesaurus
410 1919 642 1971 pretineret,
682 1933 798 1969 quum
836 1932 959 1969 neque
1000 1918 1178 1956 dominus
1213 1919 1278 1965 sit,
1321 1932 1442 1969 neque

179 2000 367 2053 peculiari
387 2000 551 2050 quadam
572 1999 652 2051 lege
679 2009 743 2037 aut
767 1999 971 2051 privilegio
999 2013 1085 2036 eum
1112 1998 1313 2051 possideat.
1342 1998 1383 2050 3)

226 2082 342 2119 Voet
386 2091 517 2119 contra
555 2081 603 2119 ad
646 2080 940 2133 Emphyteutam
985 2080 1204 2118 thesaurum
1252 2080 1443 2132 pertinere

172 2163 327 2210 statuit,
368 2162 539 2211 justitiae
579 2171 873 2199 cousentaneum
914 2175 991 2198 esse
1028 2160 1185 2208 dicens,
1224 2170 1289 2208 ut,
1330 2175 1441 2211 quem

172 2244 225 2280 rei
254 2241 493 2279 incommoda
520 2250 755 2292 sequuntur,
797 2242 829 2278 is
850 2242 962 2278 etiam
990 2240 1095 2278 illius
1124 2241 1175 2277 rei
1200 2241 1439 2278 commodum

219 2447 251 2489 1)
301 2449 348 2479 Cf.
374 2448 566 2486 Voorduin,
593 2447 681 2477 Tom.
708 2445 753 2486 3,
780 2457 854 2488 pag.
880 2445 957 2477 522.

218 2508 252 2549 2)
302 2509 351 2542 Cf.
372 2509 605 2548 Warnkonig,
629 2512 807 2539 comment.
830 2510 862 2538 T.
884 2507 914 2538 1.
936 2509 992 2540 lib.
1012 2507 1043 2538 2.
1065 2519 1136 2549 cap.
1158 2506 1188 2539 3.
1209 2507 1265 2549 §2
1290 2509 1347 2539 No.
1361 2506 1438 2538 339.

219 2570 251 2609 3)
300 2573 345 2603 Cf.
372 2571 592 2602 Civilistische
618 2569 769 2600 Abhand.
797 2571 853 2600 No.
881 2569 943 2609 13,
969 2571 1003 2600 in
1029 2571 1140 2604 notis,
1168 2580 1240 2610 pag.
1262 2568 1337 2600 267.
