1711 3047
743 189 819 229 101

121 354 146 389 ι»
158 334 212 375 Et
233 344 372 374 tamen
393 334 480 386 J'am
509 328 612 370 fides
638 331 727 387 ipsa
754 339 815 370 est
843 343 949 385 opus
968 328 1148 386 Spiritus
1172 330 1231 372 s.''
1295 330 1358 371 Ita
1382 328 1436 371 ad

131 412 228 453 Act.
246 410 348 463 XX,
377 424 446 451 21.
468 411 847 464 Λιαμαρτυρόμενος
869 431 926 438 —-
949 411 1169 460 μετάνοιαν
1189 411 1257 450 καὶ
1276 409 1435 463 πίστιν,

131 488 462 547 „poenitentiam
483 488 623 545 priore
645 487 744 528 loco
763 484 961 542 (nunus)
983 486 1196 539 nominat,
1220 487 1315 543 quia
1336 502 1441 544 poe-

133 568 362 609 »nitentiae
385 567 550 607 initium
569 567 622 606 sit
638 564 902 623 praeparatio
921 562 973 604 ad
993 562 1162 605 fidem.’'
1211 565 1442 622 Agentium

135 646 356 688 consilium
372 645 428 686 ita
442 644 621 696 indicat,
639 658 730 684 e.0.
747 642 1043 695 MATmXXI,
1064 658 1129 684 12.
1152 642 1317 699 ἐξέβαλε
1338 647 1443 686 πάν·

137 743 210 774 τας
226 727 316 773 τούς
332 724 566 771 πωλοῦντας
584 739 620 763 κ.
633 739 668 764 τ.
679 721 715 763 λ.
735 735 935 774 monens,
952 721 1036 762 hoc
1057 731 1219 762 tantum
1236 731 1447 779 spectasse

138 818 380 856 cnmsruxu,
412 812 458 842 ut
483 802 560 842 sub
582 815 668 841 uno
691 799 846 841 visibili
871 799 1066 856 symbolo
1095 798 1292 853 doceret,
1320 799 1398 840 sibi
1423 814 1450 841 a

141 882 234 923 Deo
267 880 473 939 purgandi
507 879 653 936 templi
686 877 904 919 mandatas
940 893 1027 919 esse
1057 888 1219 935 partes,
1252 888 1294 919 et
1324 877 1449 919 simul

141 959 404 1012 ostenderet,
419 957 547 999 foedo
566 959 694 999 abusu
713 966 959 1013 corruptum
981 972 1068 997 esse
1085 957 1165 997 Dei
1183 956 1341 998 cultum
1356 955 1418 1013 (1)
1434 971 1446 1009 ;

140 1048 182 1078 et
203 1038 300 1078 Act.
322 1038 398 1089 ΙΙΙ,
425 1051 496 1077 2ο.
518 1039 625 1083 ὅπως
640 1039 694 1078 ἂν
713 1035 862 1076 ἔλθωσι
883 1036 1014 1087 καιροὶ
1034 1036 1276 1088 ἀναψύξεως
1299 1051 1335 1075 κ.
1356 1051 1392 1076 τ.
1410 1033 1448 1075 λ.

140 1116 325 1157 Pmnmu
344 1114 477 1155 minas
493 1112 845 1171 promissionibus
859 1112 1037 1152 miscere
1055 1110 1214 1166 dicens,
1232 1123 1277 1153 ut
1296 1113 1453 1170 partim

140 1194 297 1236 alliciat
320 1191 500 1233 Iudaeos
531 1191 585 1232 ad
623 1205 867 1243 cmusrmu,
902 1191 1057 1247 partim
1091 1201 1207 1232 metu
1247 1191 1448 1235 stimulet.

141 1271 332 1314 Tandem
356 1271 475 1312 brevi
495 1269 743 1311 definitione
767 1268 1068 1326 complectitur
1086 1270 1172 1310 vim
1197 1280 1238 1311 et
1258 1280 1452 1311 naturam

142 1348 241 1390 fidei
266 1345 331 1389 *ad
363 1363 484 1390 JOAN.
518 1349 621 1401 XX,
655 1362 724 1403 29.
757 1349 821 1389 ὅτι
852 1351 1031 1402 ἑώρακάς
1059 1366 1129 1403 με,
1167 1350 1453 1398 πεπίστευκας·

142 1425 293 1469 »Fides
319 1442 408 1467 non
430 1427 616 1467 subsistit
634 1427 678 1467 in
702 1427 911 1483 praesenti
938 1437 1135 1484 aspectu,
1166 1427 1240 1469 sed
1261 1438 1455 1486 penetrat

144 1521 300 1563 »usque
321 1504 374 1547 ad
397 1505 560 1556 coelos,
595 1515 641 1546 ut
666 1503 836 1558 credat,
872 1520 980 1562 quae
1005 1517 1100 1547 sunt
1127 1507 1378 1549 abscondita
1398 1508 1452 1549 ab

143 1585 357 1626 »humano
379 1583 523 1625 sensu’'
544 1582 627 1640 (2),
656 1594 698 1623 et
716 1583 1004 1640 poenitentiae
1030 1587 1128 1627 Act.
1151 1585 1214 1639 II,
1242 1585 1310 1643 37.
1336 1604 1454 1629 κατε-

144 1670 324 1719 νύγησαν
342 1669 392 1719 τῇ
409 1663 568 1719 καρδίᾳ.
602 1662 846 1720 »Duplieem
866 1663 1107 1720 profectum
1129 1675 1248 1706 notat
1268 1664 1453 1726 (LUCAS).

145 1743 361 1784 »Primum
375 1774 387 1795 ‚
426 1740 541 1798 quod
579 1741 679 1782 tacti
714 1741 887 1782 fuerunt
921 1741 1082 1784 doloris
1116 1759 1260 1786 sensu:
1297 1744 1452 1787 deinde

146 1820 283 1878 »quod
303 1836 346 1861 se
363 1821 643 1876 obsequentes
661 1835 786 1861 PETm
806 1820 985 1861 consilio
1003 1822 1306 1878 praebuerunt.
1357 1825 1455 1867 Hoc

147 1899 459 1958 „poenitentiae
492 1899 658 1940 initium
693 1909 777 1952 est,
811 1899 882 1940 hic
911 1898 963 1940 ad
993 1900 1194 1958 pietatem
1225 1903 1455 1961 ingressuS‚

150 1978 386 2018 »tristitiam
422 1992 472 2018 ex
498 1978 685 2034 peccatis
713 1979 869 2019 nostris
892 1980 1142 2036 concipere,
1174 1997 1223 2023 ac
1245 1983 1456 2025 malorum

148 2066 414 2097 »nostrorum
438 2071 558 2096 sensu
581 2055 816 2109 vulnerari,
851 2081 912 2088 —
933 2055 1005 2098 sed
1039 2060 1359 2117 compunctioni
1385 2076 1454 2103 ac-

151 2134 329 2176 »cedere
349 2134 476 2176 debet
494 2133 788 2191 promptitudo
813 2135 866 2176 ad
889 2136 1138 2194 parendum.
1201 2139 1459 2197 Compuncti

149 2214 343 2255 »fuerunt
363 2228 463 2255 cmx
484 2223 525 2254 et
541 2228 694 2266 JUDAS,
717 2213 791 2255 sed
818 2215 983 2257 obstitit
1008 2215 1269 2275 desperatio,
1291 2220 1456 2276 quomi-

147 2307 250 2333 »nus
272 2307 316 2333 se
336 2293 428 2332 Deo
448 2292 743 2347 sul.›jicerent.”
797 2293 944 2351 Itaque
965 2296 1096 2337 multa
1116 2308 1233 2339 recte
1254 2299 1456 2356 explicuit

150 2387 357 2414 CALVINth
379 2387 428 2412 ex
454 2370 674 2413 doctrinae
705 2371 966 2416 Christianae
999 2375 1206 2434 analogia.

186 2510 237 2552 (1)
264 2512 326 2544 eff.
355 2522 528 2551 (monus,
557 2525 709 2546 Rumon.
726 2538 736 2554 ‚
765 2527 796 2548 v.
826 2529 860 2550 1).
889 2529 976 2550 ι’ᾼωι
999 2519 1038 2551 ad
1061 2520 1096 2553 h.
1119 2521 1141 2551 l.
1158 2542 1168 2559 ‚
1193 2522 1228 2553 ct
1250 2531 1404 2553 ‘rnowcx
1421 2522 1462 2557 ad

271 2578 372 2599 som.
400 2568 456 2606 11,
488 2568 541 2603 14.

186 2622 238 2665 (2)
263 2624 314 2655 Cf.
344 2634 498 2656 rnotucx
524 2625 565 2656 acl
590 2626 625 2659 h.
654 2628 677 2660 1.
