1711 3047
837 144 894 185 62

220 290 345 331 JOAN.
381 287 465 340 XI,
509 285 574 327 16.
615 285 685 329 ἵνα
717 284 991 338 ἀποθάνωμεν
1019 284 1103 337 μετ’
1130 284 1253 327 dvm&
1294 284 1515 329 relativum

220 367 273 409 de
310 379 512 418 CHRISTO,
557 378 647 405 non
685 361 739 405 de
776 375 940 403 LAzARo
980 361 1272 420 accipiendum
1294 362 1370 421 (ι).
1433 364 1518 407 Ubi

221 444 307 486 duo
339 443 609 486 inveniuntur
635 441 917 499 pronomina,
953 438 1007 481 de
1038 440 1186 496 quibus
1221 441 1397 484 dubium
1429 452 1516 497 est,

221 523 278 565 ad
309 537 517 580 quaenam
556 520 746 576 subjecta
788 518 949 577 singula
975 518 1243 576 pertineant,
1277 531 1319 562 et
1350 520 1403 562 de
1432 536 1519 563 uno

223 601 379 643 dicitur
393 632 404 654 ,
431 598 547 657 quod
566 599 611 640 in
631 598 809 640 alterum
832 612 920 638 non
943 596 1162 651 convenit,
1179 597 1294 653 quod
1313 598 1522 656 reliquum

223 691 286 722 est
322 693 585 736 pronomen,
619 675 673 717 ad
708 676 887 716 alterum
910 675 1147 730 subjectum
1174 684 1364 731 spectare
1389 687 1523 718 osten-

224 757 308 811 dit,
337 773 376 799 e.
401 772 440 798 e.
464 770 628 797 MATTH.
660 754 743 808 ΙΙΙ,
785 754 851 796 16.
871 755 1276 810 ἀνεῴχθησαν-ἀντῷ
1295 756 1334 797 οἱ
1363 755 1527 810 οὐρανοὶ

225 835 387 878 scilicet
404 849 581 887 JOANN1,
602 833 700 889 quia
720 847 820 874 mox
840 832 1045 889 sequitur,
1079 832 1194 889 quod
1215 833 1382 890 spiritus
1403 848 1527 891 super

227 928 447 956 CHRISTUM
474 910 692 954 descendit
713 910 790 968 (2).
853 911 915 951 Ex
943 911 1156 952 antithetis
1186 911 1367 969 explicat
1397 911 1528 954 verba

229 998 272 1034 et
302 990 473 1033 dicendi
495 990 702 1043 rationes,
737 1003 901 1031 MATTH.
928 988 1056 1042 XVI,
1086 988 1157 1032 25.
1195 1000 1282 1031 »est
1312 990 1526 1032 antithesis

228 1071 366 1111 »inter
389 1067 669 1126 temporalem
694 1077 737 1108 et
759 1077 971 1108 aeternam
996 1066 1155 1108 vitam”
1176 1066 1264 1125 (3);
1299 1082 1420 1110 σοΑΝ.
1447 1069 1527 1123 ΪΧ,

230 1150 305 1198 4ι.
340 1150 374 1189 εἰ
403 1145 546 1199 τυφλοὶ
579 1144 672 1198 ἦτε,
704 1154 750 1185 ut
778 1144 982 1185 antitheta
1009 1144 1120 1184 inter
1148 1159 1191 1185 se
1223 1145 1527 1201 respondeant,

232 1224 409 1282 exponit
438 1224 587 1278 τυφλὸς
617 1222 715 1279 »qui
745 1221 945 1279 propriae
977 1221 1195 1262 coecitatis
1221 1222 1434 1277 conscius,
1463 1238 1531 1265 re-

234 1302 448 1344 »medium
487 1301 627 1343 morbi
659 1299 847 1356 quaerit’'
878 1298 955 1356 (4).
1019 1299 1295 1341 Parallelismi
1330 1301 1531 1344 Hebraici

235 1379 525 1422 denominatio
552 1376 663 1436 apud
684 1388 875 1418 nostrum
902 1376 1072 1433 quidem
1097 1392 1185 1419 non
1209 1378 1434 1434 invenitur,
1458 1379 1533 1422 sed

236 1458 317 1499 alia
346 1458 511 1499 ratione
553 1471 645 1497 rem
677 1456 810 1497 verbo
853 1455 1131 1513 significatam
1178 1459 1386 1515 exprimit.
1447 1460 1532 1502 Ubi

237 1537 352 1578 enim
382 1536 480 1577 loca
509 1545 606 1576 sunt
638 1533 978 1592 interpretanda,
1026 1549 1206 1592 quorum
1237 1537 1428 1579 membra
1456 1539 1536 1580 sibi

236 1614 421 1656 invicem
443 1614 502 1655 ita
524 1613 664 1655 lucem
687 1612 891 1667 afferunt,
922 1629 1053 1654 unum
1080 1613 1201 1656 alteri
1228 1616 1439 1674 exegetice
1464 1615 1536 1658 ad-

240 1691 374 1734 ditum
392 1707 479 1734 esse
498 1692 568 1744 ait,
586 1707 624 1734 e.
641 1706 679 1734 e.
698 1707 798 1734 Luc.
820 1692 856 1745 I,
877 1691 948 1734 35.
972 1698 1131 1747 πνεῦμα
1150 1696 1268 1746 ἅγιον
1288 1695 1538 1739 ἐπελεύσεται

240 1773 307 1814 ἐπι
331 1772 372 1813 σὲ
400 1780 443 1811 et
468 1772 638 1824 δύναμις
666 1769 838 1823 ὑψίστου
860 1772 1078 1812 ἐπισκιάσει
1101 1773 1163 1813 σοί
1181 1771 1260 1828 (5).
1325 1773 1536 1814 Contextu

240 1848 286 1890 id
310 1847 535 1902 suadente,
569 1857 816 1889 consuetam
838 1848 956 1889 vocis
978 1847 1330 1906 significationem
1355 1858 1444 1891 non
1470 1865 1542 1892 an-

198 1912 201 1914 *
243 1926 410 1984 teponit
449 1925 586 1966 minus
628 1925 827 1979 usitatae,
872 1941 908 1967 e.
937 1941 978 1969 e.
1011 1940 1175 1968 MATTH.
1206 1927 1272 1980 II,
1306 1942 1348 1969 2.
1382 1928 1542 1983 εἴδομεν

243 2007 366 2050 αὐτοῦ
406 2006 478 2048 τὸν
517 2003 665 2059 ἀστέρα
698 2003 843 2045 »stella
871 2003 952 2045 fuit
981 2003 1325 2048 extraordinaria.
1387 2005 1545 2048 Proba-

246 2084 356 2127 „hile
375 2093 462 2137 est,
490 2082 671 2124 similem
689 2081 813 2124 fuisse
833 2093 1048 2138 cometae,
1077 2084 1122 2125 in
1140 2088 1236 2126 aere
1252 2085 1392 2142 potius
1419 2100 1545 2143 quam

247 2163 316 2203 »in
347 2161 470 2203 coelo
502 2160 796 2218 conspectam''
823 2160 898 2218 (6).

287 2283 339 2325 (1)
364 2283 427 2315 Cff.
457 2292 635 2320 Rumon,
662 2290 792 2318 LUCKE,
822 2283 977 2310 'Tnotncx
1003 2281 1038 2311 et
1063 2289 1257 2311 ozsnAusmv
1284 2279 1325 2311 ad
1348 2280 1384 2313 h.
1411 2281 1437 2313 l.

287 2338 341 2380 (2)
366 2338 428 2372 eff.
455 2347 563 2376 mszA,
593 2346 784 2376 nscuon,
812 2345 963 2367 numam.
989 2338 1024 2367 et
1047 2346 1080 2368 v.
1106 2347 1139 2370 n.
1168 2345 1256 2367 nm
1281 2336 1322 2368 ad
1346 2336 1383 2369 h.
1410 2336 1435 2371 1,

291 2394 343 2434 (3)
368 2393 424 2425 Cf.
449 2404 534 2425 BEzA
559 2394 600 2425 ad
622 2393 659 2427 h.
686 2392 711 2426 l.

292 2449 344 2492 (4)
370 2449 426 2482 Cf.
453 2450 542 2481 inter
565 2449 649 2481 alios
676 2457 829 2479 TBOLUCK
854 2447 896 2480 ad
919 2447 955 2480 h.
982 2447 1008 2480 l.

294 2506 347 2547 (5)
372 2507 434 2537 eff.
460 2516 651 2545 mnenon,
678 2514 830 2536 Rumon
855 2507 891 2536 et
915 2514 1107 2536 ozsmusm
1133 2504 1174 2537 ad
1198 2504 1232 2538 h.
1260 2505 1284 2537 l.

293 2559 346 2601 (6)
370 2558 439 2594 Cff.
466 2571 615 2594 onorius
640 2562 676 2594 et
700 2570 850 2592 Rumam.
877 2560 918 2593 ad
941 2560 978 2593 h.
1004 2561 1029 2594 1.
