1711 3047
603 626 1027 670 PRAEFATI
1043 629 1112 669 θ.

709 826 985 841 «na-mlx„—

310 955 667 1024 Benevolentiam
690 989 801 1019 tuam
823 983 1026 1029 invocare,
1045 982 1209 1020 Lector!
1234 991 1349 1034 atque
1365 988 1511 1036 paucis

201 1059 364 1109 referre,
392 1054 464 1106 qui
477 1053 640 1105 factum
655 1050 730 1098 sit,
750 1055 796 1087 ut
816 1048 931 1087 hasce
951 1048 1173 1087 studiorum
1182 1050 1392 1101 primitias
1408 1065 1512 1091 nime

198 1125 353 1162 demum
372 1120 570 1175 potuerim
587 1117 804 1166 absolvere,
826 1116 945 1168 liujus
967 1123 1024 1155 est
1046 1116 1138 1156 loci.
1192 1117 1516 1159 Benevolentiam

199 1193 311 1241 dico,
339 1190 528 1243 quoniam
551 1193 730 1240 expertus
753 1198 865 1235 sum,
889 1185 1038 1223 labores
1062 1186 1110 1223 in
1131 1199 1192 1223 me
1215 1195 1412 1240 susceptos
1420 1191 1514 1241 ,ju-

201 1260 402 1299 venilibus
439 1257 595 1296 viribus
632 1269 713 1294 esse
748 1254 848 1293 satis
880 1266 1048 1306 graves,
1088 1253 1264 1306 mihique
1299 1259 1516 1308 qraviores,

204 1328 388 1380 temporis
425 1323 626 1378 angustiis
657 1334 889 1374 maqnopere
913 1320 1133 1371 laboranti,
1151 1331 1364 1375 postquam
1383 1325 1519 1364 studia

198 1395 421 1450 pastoralia
443 1394 493 1433 ab
519 1391 774 1432 Academicis
796 1404 855 1429 me
878 1391 1044 1429 retinere
1067 1400 1297 1443 coeperunt,
1323 1401 1438 1446 atque
1461 1396 1519 1447 ef·

196 1448 407 1517 fecerunt,
445 1469 491 1500 ut
522 1474 603 1499 non
632 1461 692 1498 ita
716 1459 869 1497 versari
883 1459 1084 1510 potuerim
1107 1460 1154 1497 in
1180 1462 1423 1512 gravissima
1445 1461 1519 1501 hac

201 1533 370 1572 materia
409 1528 668 1576 elaboranda,
703 1527 1026 1578 quemadmodum
1060 1533 1177 1565 antea
1214 1529 1348 1567 animo
1385 1529 1520 1568 habui.

208 1601 308 1639 Cum
330 1599 436 1637 enim
462 1598 506 1636 S.
537 1597 580 1635 S.
605 1596 829 1635 Ministerii
853 1594 1087 1633 candidatis
1111 1595 1335 1648 adscriptus
1356 1611 1464 1636 eram
1485 1606 1523 1637 et

206 1674 309 1706 certo
336 1674 572 1718 putaveram
595 1665 714 1716 sore,
755 1670 801 1700 ut
822 1675 978 1714 possem
1004 1663 1104 1700 satis
1127 1676 1316 1716 magnum
1339 1667 1523 1718 temporis

206 1735 381 1788 spatium
413 1733 560 1773 studiis
592 1731 700 1770 hisce
722 1731 941 1783 propositis
972 1730 1193 1782 impendere
1226 1746 1348 1784 eaque
1371 1734 1418 1772 in
1443 1736 1523 1773 otio

209 1803 432 1852 absolvere,
458 1813 608 1840 summo
631 1799 838 1838 Ecclesiae
867 1799 1133 1837 Gubernatori
1146 1800 1328 1852 placuit,
1338 1810 1432 1854 post
1450 1803 1525 1842 ali-

208 1879 302 1924 quot
312 1873 405 1924 jam
418 1883 567 1908 menses
581 1869 710 1908 coetui
722 1881 782 1906 me
794 1868 1010 1919 praeficere
1028 1867 1254 1906 Christiano
1260 1883 1280 1916 ;
1300 1883 1325 1907 a
1337 1883 1414 1921 quo
1433 1877 1524 1909 tem-

200 1953 296 1993 pore
327 1945 440 1976 tanta
470 1936 573 1975 mihi
594 1936 688 1989 fuit
719 1935 942 1974 studiorum
965 1935 1175 1974 multitudo
1199 1943 1238 1975 et
1255 1939 1453 1987 varietas,
1481 1946 1525 1977 ut

209 2021 290 2046 non
313 2008 401 2046 sine
424 2018 568 2058 magno
589 2004 718 2042 labore
737 2003 832 2042 baec
841 2011 935 2056 post
953 2004 1050 2042 duos
1070 2004 1224 2044 demum
1243 2019 1368 2045 annos
1381 2008 1526 2059 peraqi

206 2076 422 2128 potuerint.
480 2073 560 2112 Sed
581 2072 675 2111 haec
698 2072 856 2123 quidem
878 2072 1079 2113 hactenus.

266 2143 410 2183 Animi
427 2154 517 2180 vero
533 2142 645 2194 grati
661 2141 841 2179 sensibus
860 2141 958 2178 meis
969 2154 1116 2192 parum
1134 2149 1233 2179 esset
1251 2142 1524 2194 satisfactum,

212 2215 249 2252 si
282 2211 380 2264 quid
409 2211 520 2249 vobis
545 2210 726 2258 debeam,
754 2209 1030 2261 Praeceptores
1053 2208 1420 2259 Aestumatissimi!
1447 2225 1527 2250 non

212 2288 341 2335 aperte
362 2279 542 2318 recolam.
602 2278 726 2316 Grata
749 2277 850 2316 mihi
873 2290 1022 2329 semper
1043 2278 1118 2315 erit
1139 2278 1355 2316 recordatio
1368 2288 1527 2331 >vestrae

213 2349 504 2397 institutionis,
536 2347 629 2386 Viri
662 2346 905 2395 Clarissimi,
933 2359 1171 2396 αουῡουνκιι,
1198 2361 1469 2387 cnomvsswoum
1491 2358 1527 2388 et

215 2420 333 2458 eheu!
360 2424 531 2474 μακάριε
552 2417 701 2455 ΗΕυεῡιΞ
729 2416 801 2467 qui
825 2416 872 2453 in
895 2416 1130 2467 optimarum
1153 2416 1302 2454 artium
1325 2431 1374 2456 ac
1397 2418 1526 2457 litera·

216 2502 304 2527 rum
338 2489 433 2537 via,
473 2487 590 2526 duces
625 2484 727 2523 ‘mibi
760 2483 994 2534 exstitistis,
1031 2485 1283 2538 animumque
1307 2500 1435 2525 meum
1457 2489 1527 2525 im-

218 2556 363 2594 buistis
397 2568 531 2594 earum
568 2553 770 2593 literarum
803 2566 932 2593 amore
947 2584 956 2601 ‚
996 2554 1140 2605 quibus
1165 2567 1448 2607 praeparamur
1479 2557 1530 2595 ad
