1711 3047
874 183 927 225 77·

236 327 344 384 justa
389 325 543 367 horum
590 324 796 366 librorum
841 322 991 364 notitia
1037 322 1203 364 imbuti.
1276 322 1369 365 Hac
1415 323 1544 382 igitur

237 404 423 464 gaudens
445 403 634 457 monuit,
673 403 808 444 Deum
826 433 837 455 ‚
865 401 909 442 in
937 401 1201 442 instituendis
1227 401 1447 455 Israelitis,
1474 417 1544 444 ae-

238 484 334 525 tatis
366 483 584 539 juvenilis,
619 482 661 523 in
691 496 772 538 qua
803 479 1050 521 versabatur
1077 495 1203 537 gens,
1237 480 1448 522 rationem
1473 481 1545 521 ha-

235 561 398 614 buisse,
444 560 628 618 ideoque
674 559 800 601 variis
845 557 922 598 sub
971 557 1119 598 formis
1167 557 1368 610 salutem,
1417 573 1544 614 quam

237 640 382 698 generi
431 640 618 680 humano
653 636 851 678 allaturus
882 645 1012 689 esset,
1051 634 1435 693 praesignificasse,
1480 645 1544 677 ta-

240 717 514 760 bernaculum
534 715 667 769 adeo,
698 713 925 768 sacrificia,
952 714 1254 768 caerimonias,
1290 714 1417 756 fuisse
1437 713 1543 772 figu-

238 811 304 837 ras
339 807 382 837 et
411 795 581 836 umbras
618 808 762 836 earum
796 808 963 847 rerum,
1004 808 1110 850 quae
1150 793 1193 834 in
1227 793 1281 835 N.
1314 792 1365 835 T.
1408 791 1544 834 solide

239 874 469 927 habentur,
507 888 547 915 e.
582 888 621 915 e.
661 871 715 914 ad
745 886 870 913 JOAN.
905 870 965 925 V,
1007 871 1080 922 46.
1122 886 1252 912 mosas
1291 881 1381 913 erat
1420 881 1544 929 typus

240 967 411 993 cmusrl
429 983 441 1005 ,
478 962 521 992 et
543 967 665 993 JOAN.
686 951 727 1004 Ι,
761 950 830 992 32.
855 950 900 990 in
920 950 1183 1007 apparitione
1203 950 1380 1007 Spiritus
1399 950 1441 991 S.
1463 950 1542 991 sub

237 1028 375 1069 forma
407 1028 631 1069 columbae
649 1059 660 1081 ‚
694 1027 802 1069 vidit
828 1028 1064 1084 analogiam
1093 1027 1200 1085 signi
1225 1043 1321 1068 cum
1339 1028 1540 1082 veritate,

238 1106 330 1148 scil.
366 1121 463 1147 cum
497 1120 547 1147 ea
578 1103 921 1159 mansuetudine,
954 1120 1079 1162 quam
1111 1109 1269 1147 JEsAi'As
1297 1105 1340 1147 in
1362 1121 1544 1163 persona

237 1199 413 1227 MESSIAE
443 1182 707 1242 depinxerat.
756 1183 820 1224 Ex
845 1183 898 1225 V.
925 1183 976 1226 Τ.
1002 1183 1154 1225 notitia
1176 1180 1334 1239 hausit,
1362 1200 1468 1242 quae
1488 1184 1544 1227 ad

239 1263 494 1317 MArrH.VI‚
518 1263 589 1305 26.
610 1263 842 1320 ἐμβλέψατε
862 1266 917 1311 εἷς
937 1265 988 1305 τὰ
1008 1267 1187 1307 πετεινὰ.
1212 1280 1250 1306 κ.
1261 1281 1296 1306 τ.
1308 1263 1345 1306 λ.
1371 1274 1539 1306 monet:

233 1342 372 1383 Lucas
379 1341 476 1395 XII,
491 1344 560 1393 24.
573 1357 653 1400 pro
669 1341 903 1383 volueribus
914 1357 1058 1384 corvos
1065 1347 1214 1399 posuit
1229 1341 1417 1384 alludens
1431 1342 1544 1384 forte

239 1419 293 1462 ad
303 1419 375 1462 Ps.
389 1419 595 1474 CXLVII,
611 1435 652 1477 9.
669 1440 684 1457 »
695 1435 888 1462 DAVIDEM
902 1436 1004 1462 vero
1022 1420 1192 1478 quidam
1209 1421 1448 1463 existimant
1462 1436 1543 1463 no-

236 1498 455 1540 »minatim
482 1497 581 1540 ideo
601 1498 791 1540 locutum
812 1514 899 1541 esse
919 1498 972 1542 de
991 1500 1150 1553 corvis,
1172 1499 1308 1557 quod,
1326 1516 1455 1558 quum
1469 1516 1543 1544 eos

239 1577 406 1618 »statim
425 1575 618 1618 deserant
638 1588 777 1634 patres
794 1588 837 1619 et
853 1589 1029 1632 matres,
1052 1593 1223 1621 necesse
1243 1590 1326 1634 est,
1343 1578 1542 1622 divinitus

243 1655 468 1697 »alimenta
481 1655 562 1696 illis
577 1655 742 1697 afferri'’
757 1655 836 1714 (1)3
855 1666 903 1699 ut
918 1667 961 1699 et
973 1656 1191 1714 quomodo
1204 1658 1404 1717 cognatio
1417 1659 1544 1701 inter-

237 1732 390 1775 cedere
401 1743 540 1791 posset
549 1733 659 1776 inter
668 1750 980 1788 ΕιιεΑΒΕΤΗΑΜ,
991 1751 1098 1792 quae
1108 1746 1228 1778 erate
1238 1736 1402 1779 filiabus
1412 1752 1542 1780 Anzo-

234 1825 317 1865 Ms,
337 1821 379 1853 et
395 1826 594 1865 ΜΑΒΙΑΜ,
621 1810 720 1855 ιὺο.
740 1813 782 1866 Ι,
805 1812 881 1867 36,
898 1813 1060 1856 scilicet
1079 1814 1167 1869 lex,
1186 1815 1318 1857 Num.
1338 1815 1542 1871 XXXVI,

243 1890 310 1933 16.
345 1905 395 1932 ea
422 1900 586 1932 tantum
615 1891 786 1933 vetabat
813 1893 1048 1946 connubia,
1084 1893 1234 1950 quibus
1262 1893 1542 1937 haereditates

235 1969 540 2010 miscerentur:
582 1968 673 2010 fieri
719 1970 847 2027 igitur
881 1971 1046 2027 potuit,
1079 1981 1126 2012 ut
1162 1987 1212 2013 ex
1252 1972 1366 2013 tribu
1403 1988 1542 2016 JUDAE

232 2045 385 2086 mulier
417 2045 628 2087 sacerdoti
659 2047 838 2088 nuberet
865 2046 945 2104 (2).
1008 2047 1145 2089 Multa
1168 2064 1221 2090 ex
1240 2048 1293 2091 V.
1314 2050 1366 2092 T.
1393 2051 1542 2093 ritibus

233 2123 408 2181 exponit
441 2138 574 2166 MARc.
611 2124 696 2178 IX,
727 2128 801 2181 49.
839 2131 920 2175 πᾶς
956 2128 1053 2182 πυρὶ
1086 2151 1145 2159 —
1175 2145 1245 2170 και
1276 2133 1390 2172 πᾶσα
1415 2131 1543 2174 θυσία

231 2203 302 2245 ἁλὶ
336 2202 630 2256 ἁλισθήσεται,
673 2203 822 2245 alludit
871 2219 1075 2247 cnius‘rus
1113 2205 1167 2248 ad
1197 2207 1299 2250 Lev.
1348 2208 1412 2262 II,
1470 2208 1538 2253 13.

230 2283 447 2324 »hortatur
477 2297 597 2336 suos,
628 2291 675 2323 ut
703 2297 747 2324 se
775 2283 868 2325 Deo
903 2284 1109 2340 offerant,
1145 2286 1243 2344 igne
1269 2297 1311 2329 et
1335 2287 1420 2329 sale
1438 2303 1540 2330 con-

231 2359 459 2414 »diendos,
493 2371 540 2402 ut
573 2360 675 2402 fiant
705 2376 848 2404 sacrae
880 2364 1103 2406 victimae'’
1138 2364 1218 2423 (3).
1282 2366 1344 2407 Ex
1369 2365 1539 2409 dicendi

274 2495 328 2538 (l)
353 2492 404 2528 Cf.
434 2505 583 2527 onorius
609 2496 650 2528 ad
674 2495 711 2529 h.
737 2496 764 2529 l.

272 2552 324 2594 (2)
348 2552 400 2586 Cf.
427 2562 579 2584 Rumon
604 2553 645 2584 ad
668 2553 704 2586 h.
732 2553 757 2585 l.

271 2610 324 2652 (3)
349 2609 411 2643 cff.
438 2619 590 2642 xmnonr.
616 2612 651 2643 et
677 2620 863 2643 nirzscn
888 2609 930 2643 ad
954 2610 989 2644 h.
1017 2611 1042 2644 Ι.
