1711 3047
257 331 442 360 GALleus.

204 448 240 481 2.
277 450 313 481 et
345 448 500 490 aperiens
533 456 570 478 os

159 519 254 540 suum
269 530 278 547 ,
316 507 462 540 docebat
486 518 566 547 eos,

159 569 276 601 dicens
292 580 301 601 ε

203 630 238 662 4.
255 630 429 670 Beati‚qui
440 630 568 670 lugent,

158 691 316 731 quoniam
335 691 396 732 ipsi
413 691 569 722 consola-

158 751 286 783 tionem
307 752 490 793 accipient.

202 813 237 844 5.
256 813 347 844 Beati
360 813 470 851 mites3
482 821 569 853 quo-

157 873 246 904 niam
275 873 338 915 ipsi
360 873 569 904 haereditate

157 934 327 975 accipient
353 937 490 965 terram.

204 993 258 1023 11.
311 991 407 1023 Beati
459 992 563 1030 estis,

155 1062 259 1093 quum
285 1052 567 1094 probrajecerint

156 1114 190 1145 in
237 1123 296 1144 vos
335 1117 371 1144 ct
409 1112 569 1143 insectati

154 1173 305 1212 suerint,
354 1175 388 1203 et
423 1173 568 1204 dixerint

155 1243 254 1264 omne
279 1233 401 1264 malum
428 1233 566 1264 verbum

155 1293 313 1325 adversus
337 1304 413 1331 vos,
439 1293 564 1325 menti-

155 1359 251 1386 entes
273 1357 412 1396 propter
432 1364 498 1385 me.

197 1414 257 1447 20.
283 1414 366 1445 Dico
390 1415 478 1446 enim
504 1424 564 1445 vo-

151 1473 224 1512 his,
262 1475 341 1515 quia
362 1475 427 1505 nisi
454 1474 562 1505 abun-

152 1534 282 1566 daverit
299 1535 435 1576 justitia
457 1538 566 1566 vestra

151 1594 228 1637 plus
255 1596 355 1634 q'uam
384 1594 567 1626 scribarum

151 1656 188 1686 et
203 1654 454 1686 Pharisaeorum
467 1677 476 1693 ‚
497 1665 565 1686 non

150 1714 323 1745 intrabitis
358 1715 392 1745 in
425 1725 564 1755 regnum

149 1775 334 1805 coelorum.

193 1835 251 1867 22.
278 1836 344 1876 Ego
360 1837 472 1866 autem
485 1834 561 1866 dico

149 1893 258 1933 vobis,
276 1895 354 1936 quia
368 1896 488 1933 omnis,
506 1896 565 1936 qui

147 1956 303 1987 irascitur
338 1956 434 1987 fratri
472 1967 556 1995 suo,

147 2025 224 2047 reus
248 2017 312 2047 erit
328 2016 479 2057 judicio:
499 2017 558 2057 qui

147 2078 260 2106 autem
303 2076 425 2107 dixerit
463 2076 557 2107 fratri

146 2146 207 2167 suo
242 2136 364 2174 racha,
393 2147 468 2168 reus
491 2137 557 2168 erit

145 2197 315 2230 concilio:
351 2197 410 2237 qui
444 2201 558 2229 autem

145 2256 267 2289 dixerit
280 2259 385 2296 fatue,
400 2268 478 2289 reus
491 2259 555 2290 erit

144 2319 317 2360 gehennae
341 2319 440 2360 ignis.

189 2439 269 2472 Joh.
297 2440 370 2472 1.1.
399 2441 438 2471 In
460 2441 553 2483 prin-

143 2501 231 2543 cipio
267 2503 338 2532 erat
360 2511 490 2540 sermo,
519 2504 552 2533 et

140 2572 248 2593 sermo
259 2564 331 2593 erat
341 2561 550 2604 apudDeum,

140 2622 238 2655 etille
249 2633 357 2656 sermo
369 2624 548 2657 eratDeus.

794 178 850 218 45

737 330 906 357 ERASMUS.

618 449 653 479 et
677 450 854 491 postquam
876 447 1027 490 aperuis-

616 510 668 539 set
705 519 741 539 os
775 518 894 546 suum,
922 506 1026 539 doce-

619 568 678 600 bat
705 568 801 607 illos,
830 567 971 599 dicens:

662 629 778 668 Beati,
803 629 862 669 qui
884 629 1023 669 lugent,

616 691 774 730 quoniam
792 690 853 732 ipsi
869 690 1027 721 consola-

616 751 743 781 tionem
770 750 961 792 accipientt

663 811 758 842 Beati
793 812 915 850 mites,
941 821 1028 851 quo-

615 872 704 903 niam
740 872 803 912 ipsi
834 871 1025 903 haeredita-

615 935 684 963 tem
708 933 878 973 accipient
902 935 1024 966 terrae.

661 992 756 1022 Beati
796 993 897 1030 estis,
952 1002 1028 1023 cum

615 1052 717 1093 proba
737 1053 888 1093 jecerint
911 1053 944 1083 in
969 1063 1028 1084 vos

616 1116 651 1143 et
681 1113 840 1143 insectati
874 1113 1025 1152 suerint,

615 1175 651 1203 et
674 1171 820 1203 dixerint
843 1183 941 1204 omne
955 1183 1026 1204 ma-

613 1233 681 1264 lum
707 1232 843 1264 verbum
867 1233 1025 1265 adversus

613 1304 671 1324 vos
682 1294 886 1325 mentientes
898 1315 907 1332 ,
922 1304 1026 1337 prop-

611 1358 663 1384 ter
690 1363 755 1385 me.

658 1414 741 1445 Dico
781 1414 870 1446 enim
907 1415 1024 1454 vobis,

611 1474 676 1505 nisi
703 1474 925 1506 abundaverit
948 1486 1025 1506 ves-

614 1537 665 1565 tra
683 1535 818 1575 justitia
834 1535 910 1576 plus
925 1545 1024 1575 quam

616 1593 800 1625 scribarum
836 1597 870 1625 et
906 1594 1026 1625 Phari-

612 1665 788 1692 saeorum,
818 1665 886 1685 non
916 1656 1024 1697 possi-

612 1715 656 1746 tis
706 1715 836 1755 ingredi
873 1715 907 1745 in
946 1725 1024 1756 reg-

608 1785 688 1805 num
716 1776 901 1809 coelorum.

655 1837 700 1867 At
721 1846 783 1876 ego
805 1835 881 1867 dico
900 1834 994 1866 vobis
1009 1859 1018 1875 ,

612 1896 703 1937 quod
727 1895 882 1937 quisquis
903 1896 1022 1927 irasci-

607 1959 662 1987 tur
683 1958 777 1988 sratri
794 1968 854 1988 suo
871 1961 1018 1996 temere,

604 2016 769 2047 obnoxius
788 2017 1016 2058 eritjudicio;

605 2076 800 2116 quicunque
824 2087 902 2107 vero
923 2077 1017 2108 dixe·

608 2137 654 2167 rit
679 2138 774 2168 fratri
798 2148 858 2168 suo
881 2137 1017 2178 Rhaca,

605 2197 768 2229 obnoxius
779 2198 843 2228 erit
854 2200 1013 2240 conciliog

602 2259 756 2300 quisquis
769 2262 879 2290 autem
895 2259 1017 2292 dixerit

605 2320 720 2358 fatue,
756 2319 920 2351 obnoxius
953 2322 1018 2352 erit

601 2381 774 2422 gehennae
800 2381 971 2413 incendio.

648 2443 688 2472 In
727 2442 895 2484 principio
941 2445 1014 2475 erat

600 2513 707 2534 sermo
742 2505 778 2533 et
805 2513 913 2534 sermo
942 2506 1014 2536 erat

600 2563 689 2606 apud
723 2564 827 2595 neum
864 2567 898 2596 et
924 2565 1013 2598 neus

600 2626 674 2656 erat
698 2624 755 2657 ille
776 2634 895 2657 sermo·

1185 322 1370 375 Vulgata.

1074 450 1110 480 et
1132 451 1284 492 aperiens
1305 463 1343 484 os
1364 461 1483 492 suum,

1074 507 1219 541 docebat
1242 521 1320 550 eos,
1345 511 1481 547 dicens=

1121 629 1238 670 Beati,
1264 631 1323 671 qui
1345 632 1488 673 lugent,

1074 691 1233 730 quoniam
1268 692 1332 735 ipsi
1363 702 1488 724 conso-

1075 750 1251 786 labuntur.

1122 813 1217 843 Beati
1249 812 1362 852 mites,
1400 823 1487 854 quo·

1073 872 1163 904 niam
1187 873 1249 916 ipsi
1263 873 1485 916 possidebunt

1076 936 1212 967 terram.

1120 994 1215 1025 Beati
1257 995 1363 1032 estis,
1410 1005 1486 1026 cum

1074 1054 1309 1087 maledixerint
1320 1056 1414 1087 vobis
1422 1056 1488 1087 ho-

1076 1115 1183 1146 mines
1231 1118 1265 1147 et
1317 1116 1491 1159 persecuti

1075 1184 1136 1206 vos
1174 1175 1301 1206 suerint
1332 1179 1368 1206 et
1393 1175 1488 1208 dixe-

1072 1234 1141 1265 rint
1162 1245 1260 1267 omne
1287 1236 1409 1268 malurn
1425 1237 1486 1269 ad·

1072 1305 1203 1326 versum
1220 1306 1276 1327 vos
1290 1318 1299 1334 ,
1316 1297 1486 1329 mentien-

1074 1358 1125 1386 tes
1150 1358 1288 1397 propter
1314 1367 1381 1390 me.

1119 1416 1203 1446 Dico
1227 1419 1341 1448 autem
1367 1417 1484 1457 vobis,

1072 1477 1151 1517 quia
1173 1477 1238 1507 nisi
1264 1477 1487 1510 abundaverit

1067 1537 1204 1577 justitia
1237 1541 1370 1577 vestra,
1408 1539 1486 1582 plus

1074 1605 1174 1635 quam
1222 1596 1405 1630 scribarum
1450 1601 1487 1632 et

1071 1656 1341 1697 Pharisaeorum,
1355 1659 1484 1691 nonin-

1072 1716 1206 1748 trahitis
1257 1717 1291 1748 in
1343 1729 1485 1760 regnum

1069 1777 1254 1809 coelorum.

1115 1838 1182 1878 Ego
1203 1841 1314 1870 autem
1330 1839 1406 1872 dico
1421 1851 1482 1873 vo-

1071 1897 1141 1936 his,
1168 1899 1247 1939 quia
1268 1900 1398 1940 omnis,
1424 1902 1483 1943 qui

1067 1958 1225 1990 irascitur
1265 1961 1362 1993 fratri
1395 1973 1480 2002 suo,

1066 2029 1143 2051 reus
1160 2021 1225 2051 erit
1240 2021 1397 2062 judicio:
1421 2024 1481 2064 qui

1066 2081 1179 2110 autem
1222 2080 1345 2112 dixerit
1383 2083 1480 2114 fratri

1065 2149 1127 2170 suo
1160 2141 1283 2179 racha,
1311 2153 1388 2174 reus
1415 2144 1481 2175 erit

1063 2201 1232 2242 concilio;
1268 2203 1327 2242 qui
1364 2206 1477 2236 autem

1064 2261 1188 2293 dixerit
1235 2263 1351 2302 fatue,
1401 2275 1477 2297 reus

1066 2322 1131 2353 erit
1155 2322 1330 2363 gehennae
1353 2324 1453 2365 ignis.

1107 2443 1146 2474 In
1193 2444 1360 2488 principio
1402 2449 1474 2478 erat

1061 2503 1221 2542 verbum,
1261 2508 1296 2536 et
1335 2505 1473 2539 verbum

1061 2568 1133 2597 erat
1174 2565 1263 2608 apud
1297 2566 1402 2598 Deum
1439 2571 1474 2600 et

1059 2627 1148 2658 Deus
1176 2628 1249 2658 erat
1272 2626 1424 2662 verbum.
