1711 3047
834 209 938 218 ——a

229 312 407 342 sanctum
430 306 609 342 veritatis
632 313 668 342 et
692 306 837 342 amoris
851 306 1009 357 fontem
1031 304 1264 344 adeundum.
1307 304 1417 355 Tibi,
1434 319 1534 357 prae

231 374 393 411 caeteris
415 373 580 410 multum
603 372 737 422 debeo,
758 373 813 411 Cl.
837 375 1063 411 scmzbnfflzss!
1087 375 1159 424 qui
1182 387 1271 412 cum
1294 374 1340 410 in
1356 374 1534 425 publicis

220 441 574 492 praelectionibus,
615 448 697 478 tum
728 441 774 477 in
796 442 972 492 privatis
1005 441 1351 489 collocutionibus,
1376 454 1535 493 germa-

227 523 321 546 num
330 508 606 560 philosophum
622 509 738 546 unice
757 522 836 547 esse
855 508 1140 559 Christianum,
1157 509 1337 548 doctrina
1356 517 1394 548 et
1410 523 1532 548 exem-

219 577 288 627 plo
311 578 463 629 egregie
487 591 545 614 me
571 577 755 616 docuisti.

278 645 333 682 In
360 646 507 695 primis
543 652 672 683 autem
696 636 839 683 advos
863 659 923 682 me
952 652 1133 683 converto
1164 645 1270 693 viri,
1291 645 1362 696 pie
1387 659 1529 696 semper

225 714 400 762 colendi,
435 713 490 751 Cl.
515 727 656 762 BUMAN,
693 727 905 752 ROOYAARDS
918 743 930 762 ,
961 727 1072 752 vnvm:
1091 721 1127 750 et
1151 713 1222 763 qui
1243 726 1367 763 nuper
1378 713 1533 765 flebilis

225 781 404 818 omnibus
423 780 587 828 occidit,
608 794 753 817 summe
776 781 814 818 V
812 780 1028 818 onerandus
1045 793 1226 828 namma,
1245 781 1316 830 qui
1335 780 1533 832 singulari

224 862 283 885 me
318 861 466 898 semper
488 848 634 899 favore
666 855 722 886 est
737 855 994 899 prosecutus,
1015 849 1268 900 paternisque
1293 849 1473 886 consiliis
1495 855 1533 886 et

224 916 558 953 admonitionibus
581 915 682 953 mibi
708 916 838 953 adesse
863 930 1075 967 numquam
1099 916 1229 954 desiit.
1258 937 1310 943 —
1341 916 1447 968 Quid
1468 930 1532 954 re-

213 986 350 1037 feram
379 984 489 1023 vobis
510 996 586 1034 pro
617 984 889 1032 institutione,
909 997 984 1035 pro
1011 991 1065 1022 tot
1088 986 1283 1035 tantisque
1307 985 1530 1022 benevolen-

225 1055 304 1091 tiae
339 1059 454 1103 atque
486 1051 745 1090 humanitatis
777 1052 1043 1095 testimoniis?
1090 1053 1340 1102 Accipiatis,
1367 1066 1529 1104 precor,

220 1123 330 1176 grati
363 1121 442 1159 mei
471 1121 598 1158 animi
629 1120 942 1171 testificationem
965 1120 1082 1171 idque
1099 1133 1174 1172 pro
1199 1127 1300 1158 certo
1328 1119 1530 1169 habeatis,

222 1207 281 1230 me
299 1200 512 1231 vestrorum
535 1191 579 1228 de
605 1204 663 1227 me
687 1190 911 1226 meritorum
933 1202 1146 1239 numquam
1149 1190 1242 1240 fore
1257 1190 1529 1227 immemorem.

228 1261 352 1299 Tuam
368 1260 600 1312 sinqulatim
620 1258 844 1310 compellare
866 1258 980 1295 liceat
1001 1256 1302 1304 humanitatem,
1327 1256 1383 1295 Cl.
1396 1269 1529 1305 vnum,

222 1329 293 1380 qui
316 1328 556 1366 Promotoris
580 1332 711 1377 partes
735 1324 913 1362 benevole
938 1325 1170 1376 suscepisti,
1197 1324 1372 1375 mihique
1397 1323 1528 1361 adesse

222 1397 382 1434 monitis
405 1403 440 1434 et
464 1395 644 1433 consiliis
657 1423 668 1442 ‚
686 1406 899 1443 numquam
919 1393 1131 1441 recusasti,
1154 1392 1245 1429 licet
1264 1392 1386 1429 multa
1406 1405 1527 1442 eaque

222 1466 404 1515 yraviora
425 1464 558 1502 studia
581 1470 616 1500 te
639 1468 848 1499 manerent.
909 1459 1030 1498 Vobis
1054 1461 1204 1511 igitur,
1232 1461 1314 1497 viri
1339 1459 1528 1501 eruditis—-

221 1533 342 1570 simi!
378 1533 518 1570 vestris
555 1530 754 1577 consiliis,
789 1528 1045 1578 omnibusque
1073 1539 1168 1578 quos
1199 1540 1308 1565 caros
1333 1526 1528 1576 babeatis,

222 1601 326 1639 adsit
349 1601 458 1639 Deus
485 1600 531 1637 O.
557 1600 611 1637 M.
621 1628 632 1646 ‚
657 1610 703 1634 ex
727 1597 861 1634 animo
889 1603 989 1647 opto.

279 1667 400 1706 Vobis
420 1679 570 1716 quoque
589 1664 694 1702 adsit
710 1663 814 1700 idem
825 1662 952 1710 Deus,
969 1662 1093 1700 amici
1105 1662 1352 1700 dulcissimi!
1370 1661 1528 1719 quibus-

221 1750 311 1775 cum
335 1735 483 1773 arctius
507 1746 565 1769 me
591 1732 842 1783 conjunctum
852 1731 988 1782 fuisse
999 1760 1011 1779 ,
1030 1730 1150 1767 etiam
1171 1743 1277 1766 nunc
1299 1742 1528 1781 magnopere

223 1805 354 1843 laetor.
417 1803 585 1841 Ubinam
605 1800 775 1838 locorum
805 1799 1044 1846 versamini,
1073 1798 1275 1835 amicitiae
1301 1797 1525 1846 vinculum,

224 1872 364 1911 aetatis
395 1883 602 1923 progressu
631 1881 680 1906 ne
713 1867 906 1916 solvatur,
935 1865 1005 1905 sed
1024 1866 1176 1918 inagis,
1204 1866 1406 1917 magisque
1430 1878 1527 1903 con-

223 1939 422 1979 nectatur!

287 2038 466 2078 scripsi
489 2035 851 2091 anhelem-leae,

333 2107 380 2131 m.
405 2095 516 2129 Iunio
537 2093 795 2130 MDCCCXL.
