1711 3047
836 154 892 195 56

816 311 840 374 ς·
882 318 924 362 ι.

687 492 906 550 Loquendi
937 507 1051 536 usus·

277 666 474 710 Attendit
503 667 631 726 igitur
660 678 805 710 noster
837 669 1022 727 primum
1052 667 1107 710 ad
1135 669 1338 726 loquendi
1372 685 1515 727 usum,

217 761 398 804 eumque
427 745 600 788 adhibet
627 745 681 788 ad
710 761 857 789 verum
889 748 1115 789 verborum
1143 763 1309 790 sensum
1331 748 1518 792 indican-

215 824 341 879 dum,
372 823 508 882 quod,
532 824 745 866 nonnullis
768 824 961 868 adductis
985 826 1205 885 exemplis,
1234 828 1417 885 probare
1445 843 1517 870 co-

215 904 366 947 nabor.
428 904 535 945 Cum
563 904 606 945 in
641 904 991 962 interpretatione
1021 906 1294 963 grammatica
1326 906 1432 948 haec
1462 907 1517 948 sit

210 981 397 1024 ineunda
429 982 648 1040 interpreti
683 983 772 1036 via,
811 993 858 1024 ut
892 984 1076 1040 primum
1107 984 1287 1042 singulas
1324 983 1514 1026 attendat

209 1076 360 1115 voces,
393 1076 621 1118 earumque
648 1060 976 1119 significationes
999 1062 1219 1119 primarias
1243 1072 1285 1104 et
1306 1061 1514 1104 derivatas

208 1140 443 1198 investiget,
455 1150 579 1196 atque
593 1137 808 1196 disquirat,
821 1154 1025 1196 quaenam
1038 1140 1253 1194 inlocum,
1268 1156 1392 1196 quem
1400 1150 1510 1182 trac·-

210 1228 288 1272 tat,
305 1217 544 1270 conveniat,
559 1232 768 1259 CALvmns
785 1216 963 1259 subinde
978 1218 1062 1259 hoc
1076 1216 1245 1274 quidem
1261 1218 1514 1273 observavit,

208 1312 249 1340 e.
279 1312 321 1356 g.
358 1311 457 1338 Luc.
495 1296 543 1350 I,
579 1294 621 1339 3.
655 1297 767 1346 ἔδοξε
797 1298 918 1353 κᾴμοὶ
945 1296 1346 1352 παρηκολουθηκότι,
1378 1301 1510 1338 visum

206 1384 273 1417 est
291 1380 418 1416 etiam
440 1374 565 1428 mihi,
602 1373 793 1415 omnibus
818 1373 872 1415 ab
899 1379 1018 1416 initio
1041 1383 1191 1415 exacte
1211 1378 1511 1432 pervestigatis

203 1455 550 1512 παρακολουθεῖν,
581 1452 896 1510 »metaphorice
925 1453 978 1493 ab
1007 1452 1057 1493 iis
1082 1451 1278 1505 ductum,
1314 1453 1385 1509 qui
1414 1468 1504 1495 ves-

206 1534 342 1592 „tigiis
362 1533 578 1585 insistunt,
600 1546 655 1572 ne
677 1529 780 1588 quid
800 1531 913 1588 ipsos
941 1529 1093 1589 fug-iat''
1121 1529 1207 1588 (1);
1244 1546 1341 1573 Luc.
1361 1531 1423 1583 ΙΙ,
1467 1546 1506 1574 1.

204 1619 341 1658 πᾶσαν
366 1616 440 1666 τὴν
475 1611 715 1667 οἶκουμένην
745 1610 939 1652 omnihus
966 1614 1201 1667 provinciis
1237 1625 1511 1652 communem

206 1692 330 1734 fuisse
358 1692 471 1734 hunc
507 1706 706 1743 censum,
745 1689 803 1730 ait
821 1689 907 1746 (2);
943 1690 1042 1731 Act.
1079 1688 1200 1742 VIII,
1240 1704 1310 1746 27.
1349 1689 1511 1730 »virum

207 1770 444 1828 »appellat,
485 1784 609 1825 quem
638 1767 766 1826 paulo
800 1777 897 1823 post
932 1766 1187 1807 Eunuchum
1219 1765 1344 1807 fuisse
1373 1764 1505 1819 dicit3

209 1847 308 1890 »sed
335 1847 432 1904 quia
464 1847 509 1888 in
542 1845 716 1887 Oriente
751 1844 946 1885 solebant
968 1858 1086 1901 reges
1116 1853 1158 1884 et
1181 1842 1350 1901 reginae
1377 1858 1506 1885 eunu-

206 1927 336 1968 »chos
362 1924 593 1984 praeficere
617 1921 789 1965 summis
811 1922 1015 1980 negotiis,
1045 1919 1144 1963 inde
1165 1921 1324 1962 factum
1349 1931 1430 1975 est,
1460 1931 1509 1963 ut

243 2116 297 2160 (1)
321 2116 384 2149 eff.
412 2114 580 2146 nsciron
601 2115 638 2146 et
662 2124 812 2147 (monus
837 2114 879 2147 ad
900 2114 935 2146 h.
960 2114 986 2148 l.
1011 2125 1092 2149 nna.
1117 2114 1348 2156 Einleitun9‚
1377 2115 1438 2150 Th.
1462 2116 1512 2149 11.

326 2173 342 2216 ς
368 2172 415 2204 33
441 2174 476 2203 et
503 2181 698 2202 nummum
727 2172 768 2203 ad
800 2171 837 2204 h.
871 2171 895 2202 l.
926 2171 1121 2214 discrepant
1152 2173 1242 2205 inter
1267 2184 1327 2213 se,
1363 2173 1448 2206 lieet
1477 2174 1513 2206 in

325 2238 366 2261 eo
386 2227 612 2265 conveniant,
635 2226 726 2267 quod
746 2227 826 2258 huie
849 2226 950 2259 verbo
973 2227 1123 2260 tribuere
1143 2228 1320 2260 videantur
1341 2228 1512 2271 significa·

322 2284 451 2315 tionem
474 2283 573 2314 nimis
596 2282 752 2324 amplam,

239 2340 296 2387 (2)
317 2339 424 2372 Minue
449 2340 544 2370 recte
568 2338 769 2379 provinciis
793 2337 899 2377 dixit,
935 2338 1060 2371 etenim
1095 2339 1222 2371 Judaea
1254 2339 1403 2372 nondum
1435 2343 1510 2372 erat

323 2394 498 2439 provincia
527 2394 686 2427 Romana.
724 2393 800 2425 vid.
826 2404 1019 2426 orsumsmv
1043 2394 1084 2427 ad
1107 2395 1142 2426 h.
1166 2395 1191 2428 l.
1214 2396 1272 2427 eff.
1295 2406 1405 2434 nu,
1431 2406 1505 2428 ms-

325 2459 437 2482 csson
451 2473 460 2491 ‚
482 2459 632 2481 (monus
654 2449 696 2481 ad
719 2450 753 2481 h.
770 2450 794 2482 l.
816 2461 932 2483 wnum
957 2451 1192 2484 Grammaiik.
1213 2453 1325 2484 Dritte
1339 2452 1499 2495 Auflage,

324 2507 358 2540 S.
376 2504 455 2538 104.
487 2505 639 2536 Sinam
669 2505 844 2538 zeitschr.
860 2507 931 2549 fur
959 2506 1157 2541 Geschicht.
1185 2508 1503 2544 Rechtwiaeensch.

324 2559 363 2593 B.
388 2561 443 2594 vl.
472 2563 507 2593 et
535 2570 727 2593 ezsnAuslffl
753 2561 793 2594 ad
818 2561 852 2594 h.
879 2563 904 2595 Ι.
