1711 3047
816 182 897 224 126

196 336 285 364 LAM
309 321 390 380 (1),
422 336 629 364 B-UDAEUM
649 321 735 381 (2),
768 337 1020 367 OSIANDRUM
1054 323 1143 382 (3),
1176 340 1381 370 nummum
1411 326 1497 386 (4),

194 414 332 442 ΒΕΖΑΜ
356 399 432 458 (5).

252 478 350 519 Alia
372 479 499 520 etiam
527 479 611 520 huc
638 478 860 521 referenda
885 490 946 522 est
964 480 1120 540 ingenii
1132 481 1284 526 virtus.
1329 484 1496 542 Nempe

193 571 401 599 cALvmus
423 573 489 598 res
514 572 602 599 non
627 567 792 600 tantum
817 569 1013 601 accurate
1034 561 1229 615 tenebat,
1250 561 1323 603 sed
1343 564 1497 605 iterum

191 634 427 692 iterumque
452 634 680 693 cogitando
697 637 919 691 volvebat,
941 636 1048 680 adeo
1066 649 1112 680 ut
1137 654 1277 681 rerum
1294 655 1496 683 consecu-

190 714 342 767 tiones,
353 714 512 771 logices
524 715 824 757 convenienter
836 717 1086 774 praeceptis,
1097 717 1393 760 ratiocinando
1404 734 1496 776 per-

191 793 386 850 spiceret.
403 792 564 847 Verbo,
574 795 828 851 systematici
841 794 942 852 quid
952 797 1039 851 ejus
1049 796 1364 838 commentariis
1372 797 1495 838 inest.

191 870 350 913 Verum
380 872 464 914 hoc
486 872 767 927 contendens,
794 889 883 915 non
901 873 1054 927 innuo,
1081 873 1311 916 secundum
1331 874 1499 916 theolo«

191 950 284 1009 giae
318 950 585 1009 dogmaticae
609 967 805 995 normam
828 953 962 995 libros
985 953 1030 996 S.
1062 954 1114 995 ab
1139 969 1191 995 eo
1213 954 1395 1012 exponi,
1419 952 1496 996 sed

192 1028 301 1070 hanc
319 1029 432 1069 illius
451 1030 757 1087 cogitationum
783 1046 870 1072 esse
900 1031 1232 1072 concinnitatem
1259 1046 1494 1087 nexumque

191 1116 239 1147 ut
255 1107 473 1148 hominem
492 1105 704 1161 redoleat,
727 1117 871 1149 exacte
889 1108 1144 1165 cogitantem
1158 1139 1169 1161 ,
1183 1123 1357 1165 suasque
1377 1107 1493 1149 ideas

190 1194 308 1225 recte
341 1184 646 1242 proferentem.
711 1184 932 1236 Quadrant
964 1186 1071 1225 haec
1098 1186 1258 1241 optime
1290 1200 1387 1225 cum
1417 1186 1490 1237 iis,

193 1276 299 1318 quae
333 1261 436 1303 dicit
465 1260 519 1304 ad
546 1262 643 1304 Act.
678 1261 781 1315 XV,
828 1277 893 1304 10.
954 1261 1221 1318 »Numquam
1247 1272 1409 1303 rectum
1442 1261 1495 1304 de

192 1340 301 1381 »ulla
339 1341 583 1396 quaestione
610 1339 817 1396 judicium
847 1340 1028 1393 feretur,
1070 1339 1150 1381 nisi
1179 1339 1298 1382 fonte
1328 1341 1495 1398 penitus

193 1433 389 1459 »excusso
423 1417 630 1460 deductae
655 1419 813 1460 fuerint
839 1434 986 1460 omnes
1023 1419 1368 1475 consequentiae,
1395 1433 1496 1476 quas

194 1511 363 1537 »secum
393 1496 542 1550 trahit,
567 1511 673 1553 quae
696 1497 742 1537 in
766 1498 1100 1538 controversiam
1123 1496 1238 1538 venit
1259 1492 1492 1538 doctrina.”

229 1683 282 1727 (l)
307 1685 358 1717 Ad
383 1695 515 1719 marni.
542 1687 687 1725 XXVII,
714 1688 771 1720 28.

230 1740 282 1782 (2)
307 1741 358 1773 Ad
381 1752 483 1773 Jom.
510 1743 567 1781 ΙΙ,
595 1743 630 1774 6.
655 1745 742 1783 XII,
767 1744 802 1777 5.
830 1747 866 1776 et
889 1744 968 1778 Act.
992 1745 1034 1784 1,
1064 1746 1096 1779 l.

229 1797 282 1838 (3)
307 1797 358 1828 Ad
383 1808 515 1829 ΜΑΤΤΗ.
541 1798 597 1837 lI,
630 1798 683 1831 17.
710 1801 760 1837 X,
788 1799 845 1830 46.

166 1845 170 1859 ⁸
230 1852 285 1894 (4)
308 1852 359 1884 Ad
383 1863 516 1886 nui-Tu.
543 1853 601 1891 II,
627 1852 684 1885 28.
733 1854 812 1884 Luc.
836 1854 965 1894 XXIV,
990 1853 1049 1889 24.
1099 1854 1205 1889 June.
1232 1854 1273 1894 1,
1298 1853 1358 1886 33.

231 1907 285 1952 (5)
308 1908 359 1941 Ad
387 1909 469 1943 Act.
495 1909 572 1949 111,
598 1907 655 1942 20.
680 1907 830 1950 XXVII,
858 1909 913 1942 13.
