1711 3047
889 260 939 296 23

283 366 415 404 «wohl
442 370 580 405 w'usste
610 368 690 406 und
723 367 940 406 unbebaute
955 369 1104 415 Pl'atze,
1134 369 1189 406 als
1209 370 1327 408 sehon
1340 371 1538 410 cultivirte

281 447 590 486 «Grundstiicke
632 463 698 486 zur
735 449 995 501 Emphyteuse
1036 449 1205 502 gegeben
1246 451 1458 490 wiirdeu.»
1511 451 1548 502 l)

275 530 400 578 Quum
443 540 568 568 autem
594 530 779 582 loquendi
808 545 894 568 usus
923 531 995 568 hoc
1022 545 1113 583 prae
1140 546 1177 569 se
1204 532 1304 580 fert,
1334 547 1413 570 non
1448 526 1547 570 sein-

273 625 341 664 per
372 611 553 650 distincte
592 613 761 651 diximus
799 614 866 651 Jus
886 644 895 661 ,
937 612 1040 664 quod
1069 613 1329 665 Emphyteuta
1360 613 1475 651 habet
1504 616 1544 652 in

275 693 398 731 fundo
436 694 744 746 emphyteutico,
787 694 852 732 sed
893 695 1007 733 etiam
1047 694 1248 733 brevitatis
1272 709 1411 743 causa,
1455 696 1550 733 Em-

275 775 507 827 phyteusin,
560 777 640 814 sive
682 776 849 814 fundum
886 776 1241 828 emphyteuticum,
1282 777 1347 827 qui
1388 775 1547 815 dicendi

274 856 408 894 modus
452 857 526 894 alia
563 857 869 909 significatione,
917 868 957 896 ut
996 859 1211 910 accipietur
1251 858 1384 905 nolui,
1428 872 1550 909 neque

274 947 454 987 tanquam
491 938 746 975 contradictio
784 938 1139 986 animadvertatur,
1182 953 1302 991 spero.
1360 939 1549 976 Nonnulli

273 1019 342 1056 Icti
382 1028 522 1069 negant
561 1018 841 1070 Emphyteutae
870 1021 934 1069 jus
972 1029 1208 1071 competere,
1250 1020 1415 1059 servitus
1458 1020 1550 1057 fuu-

271 1099 321 1137 do
359 1098 613 1151 imponendi,
660 1114 778 1150 quum
814 1101 1058 1149 existiment,
1102 1101 1403 1154 Emphyteuseos
1442 1111 1549 1139 natu-

271 1195 333 1219 rae
379 1181 599 1230 adversari,
645 1183 810 1234 pretium
855 1182 970 1220 fundi
1013 1183 1303 1236 Emphyteutici
1343 1185 1546 1231 minuere,

270 1263 374 1315 quod
401 1263 644 1315 aliquomodo
672 1264 739 1301 tali
781 1265 1025 1317 impositione
1064 1264 1130 1315 fit,
1175 1280 1288 1316 quam
1321 1267 1548 1304 sententiam

270 1345 410 1383 rectius
425 1345 492 1382 alii
515 1355 717 1393 recusant,
738 1346 951 1384 Justiniani
967 1346 1085 1385 verba
1107 1346 1314 1398 allegantes
1332 1363 1339 1384 :
1361 1357 1437 1385 «ut
1461 1361 1546 1386 ecce

275 1426 356 1464 «de
381 1426 575 1478 praediis,
600 1441 696 1477 quae
723 1437 906 1480 perpetuo
929 1428 1160 1479 quibusdam
1188 1429 1354 1467 fruenda
1381 1429 1547 1467 tradun-

277 1522 293 1541 α
312 1517 399 1555 tur,
441 1510 465 1546 i.
503 1523 534 1546 e.
575 1517 640 1555 ut,
682 1509 866 1559 quamdiu
900 1511 1036 1561 pensio
1077 1511 1158 1547 sive
1190 1509 1336 1548 reditus
1377 1525 1446 1563 pro
1486 1511 1547 1548 his

277 1604 294 1622 «
311 1589 467 1627 domino
500 1599 738 1641 praestetur,
782 1604 904 1641 neque
933 1591 1007 1643 ipsi
1034 1591 1287 1640 conductori,
1325 1606 1447 1643 neque
1474 1592 1547 1629 he-

275 1685 293 1704 (ε
309 1671 391 1709 redi
429 1673 534 1722 ejus,
563 1673 674 1710 cuive
716 1672 929 1709 conductor
954 1671 1110 1711 hei-esve
1147 1676 1228 1724 ejus
1265 1673 1306 1711 id
1345 1673 1545 1725 praedium

275 1768 292 1786 α
311 1753 531 1791 vendiderit
570 1763 635 1790 aut
672 1753 899 1801 donaverit,
924 1764 988 1791 aut
1022 1754 1123 1792 dotis
1161 1756 1321 1793 nomine
1359 1754 1540 1802 dederit,

274 1836 435 1873 «aliove
481 1835 746 1886 quoquomodo
786 1835 1041 1883 alienaverit,
1089 1838 1238 1874 auferre
1294 1838 1452 1875 liceat.»
1501 1835 1543 1888 2)

270 1918 366 1955 Inde
406 1917 588 1955 concludi
623 1926 770 1969 potest,
811 1919 925 1956 etiam
953 1918 1236 1971 Emphyteutae
1264 1920 1414 1957 licitum
1441 1933 1543 1966 esse,

262 2002 327 2049 jus
361 2013 469 2037 suum
508 2001 692 2036 minuere.
760 1999 852 2036 Sine
893 2002 997 2037 omni
1026 2010 1151 2038 autem
1178 2001 1299 2039 dubio
1329 2011 1406 2048 est,
1448 2001 1542 2038 tales

269 2082 469 2118 servitutes
508 2095 585 2118 nou
614 2081 765 2131 lougius
793 2081 931 2118 durare
959 2096 1073 2132 quam
1100 2082 1169 2120 Jus
1198 2081 1541 2134 Emphyteuticum

269 2163 417 2214 ipsum,
448 2162 508 2199 vel
546 2171 585 2199 ut
612 2163 663 2199 ita
689 2163 815 2213 potius
843 2162 992 2211 dicam,
1022 2165 1223 2202 servitutes
1253 2165 1334 2216 ipso
1348 2165 1435 2214 jure
1477 2178 1541 2201 re-

267 2244 409 2281 solutas
433 2258 511 2281 esse
526 2274 534 2290 ,
563 2258 681 2293 quum
695 2243 852 2281 domino
879 2244 1018 2293 fundi,
1050 2247 1212 2297 posessio
1228 2247 1311 2295 ejus
1327 2245 1511 2283 reddatur
1530 2262 1538 2291 3

315 2506 346 2546 1)
395 2508 440 2538 Cs.
467 2508 600 2546 Gliick,
627 2510 686 2547 Op.
714 2508 771 2537 cit.
799 2518 871 2547 pag.
900 2506 974 2539 445.

313 2569 345 2608 2)
394 2570 439 2599 Cf.
466 2571 481 2611 gi
508 2568 537 2599 3.
568 2570 645 2599 [nst.
667 2571 706 2599 (le
736 2571 842 2599 Locat.
871 2570 972 2600 Cond.
