1711 3047
824 149 882 190 60

804 311 909 374 §a

662 463 869 506 contexta
898 468 1050 507 oratio.

263 600 397 657 Hujus
430 600 612 642 maxime
647 601 1006 660 interpretationis
1039 601 1336 660 grammaticae
1371 601 1502 645 admi-

203 678 334 720 niculi
366 693 450 736 ope
485 679 665 721 multum
704 681 914 738 praestitit
942 690 1109 734 noster,
1151 690 1198 721 ut
1227 679 1373 722 videar
1406 696 1505 723 eum

202 771 292 798 non
316 757 456 798 nimiis
487 757 691 799 extollere
722 757 936 813 laudibus,
968 757 1255 814 contendens,
1284 773 1505 801 CALvan

202 835 248 876 in
267 834 384 876 hisce
405 850 564 892 paucos
586 836 666 877 sibi
689 836 882 879 habuisse
900 852 1042 895 pares,
1065 838 1154 879 imo
1172 852 1274 879 vero
1294 852 1318 879 a
1335 837 1504 879 nemine

200 912 327 955 facile
342 914 547 971 superari.
591 913 676 956 Sed
691 913 745 957 de
763 915 933 973 singulis
951 915 1183 960 videamus.
1216 915 1390 959 Summa
1407 931 1505 959 cum

198 990 348 1048 judicii
377 993 564 1050 ἀκριβείᾳ
584 1003 829 1035 contextum
848 1009 1019 1036 omnem
1042 995 1282 1052 conspexit,
1313 1004 1355 1036 et
1376 1008 1504 1035 unam

201 1069 427 1127 periodum
455 1072 682 1113 verborum
704 1072 815 1115 inter
835 1083 877 1114 et
896 1073 1072 1115 alteram
1092 1072 1279 1114 distinxit
1299 1087 1388 1113 non
1411 1082 1504 1113 tan·

201 1157 291 1189 tum
306 1178 318 1202 ,
344 1164 493 1191 verum
511 1161 656 1191 exacte
675 1151 903 1191 terminum
918 1151 1166 1192 monstravit
1182 1166 1221 1192 e.
1242 1165 1281 1192 c.
1306 1149 1361 1190 ad
1376 1163 1500 1192 JOAN.

201 1223 327 1279 VIII,
367 1225 434 1269 15.
463 1227 544 1269 ait:
608 1227 739 1268 »Sunt
770 1227 854 1269 duo
882 1229 1004 1284 hujus
1028 1228 1260 1270 sententiae
1287 1228 1502 1282 membra,

202 1302 344 1360 »quod
359 1318 447 1345 non
463 1304 626 1360 judicet
643 1321 871 1359 cmusrns,
893 1316 936 1347 et
950 1306 984 1346 si
995 1305 1178 1361 judicet,
1202 1305 1370 1347 firmum
1388 1306 1442 1347 sit
1462 1315 1506 1347 et

202 1382 519 1424 »authenticum
539 1384 625 1439 ejus
643 1381 849 1439 judicium
863 1417 875 1437 ‚
904 1383 999 1440 quia
1018 1382 1207 1425 divinum
1232 1393 1309 1426 est.
1357 1383 1505 1441 Itaque

201 1459 341 1517 »prius
365 1461 607 1502 membrum
632 1461 707 1502 ubi
725 1476 771 1503 se
788 1460 982 1517 judicare
1003 1472 1155 1519 negat,
1189 1462 1329 1520 potius
1348 1460 1401 1503 ad
1418 1461 1505 1504 loci

201 1539 455 1596 »praesentis
474 1539 831 1581 circumstantiam
849 1538 1188 1598 restringendum
1205 1550 1282 1582 est.
1333 1539 1443 1581 Nam
1458 1549 1506 1581 ut

201 1616 378 1658 »melius
395 1616 538 1659 hostes
555 1632 651 1659 suos
676 1618 896 1676 superbiae
916 1618 1164 1672 convincat,
1187 1618 1269 1659 hac
1288 1632 1506 1676 compara-

201 1694 344 1737 »tione
371 1695 521 1750 utitur,
552 1695 667 1753 quod
685 1696 764 1737 sibi
780 1696 997 1738 licentiam
1014 1706 1214 1754 usurpent
1233 1706 1505 1754 praepostere

201 1772 442 1829 »judicandi
468 1784 510 1815 et
534 1775 695 1815 interea
713 1774 849 1831 ipsum
870 1774 1118 1831 simpliciter
1134 1772 1360 1815 docentem
1377 1783 1420 1815 et
1435 1773 1504 1815 ab·

201 1852 453 1894 »stinentem
479 1851 633 1908 judicis
659 1853 849 1911 partibus
878 1852 989 1894 ferre
1020 1851 1252 1909 nequeant''
1273 1851 1354 1909 (1).
1418 1852 1505 1894 Ubi

202 1930 467 1989 abrumpitur
486 1931 791 1990 cogitationum
810 1931 958 1985 series,
979 1929 1025 1971 id
1045 1929 1248 1972 indicavit
1264 1945 1363 1973 1.ῦο.
1382 1930 1505 1985 XIII,

204 2008 274 2051 26.
299 2011 369 2051 καὶ
391 2012 436 2053 ἐν
457 2014 547 2059 ταῖς
570 2009 782 2059 πλατείαις
811 2012 924 2064 ἡμῶν
954 2009 1144 2059 ἐδίδαξας
1172 2026 1209 2051 κ.
1235 2026 1272 2051 τ.
1293 2008 1331 2051 λ.
1378 2008 1506 2050 »Non

202 2087 495 2145 »prosequitur
509 2103 626 2129 suam
642 2086 961 2129 similitudinem
979 2102 1199 2129 cnmsrus.
1232 2087 1343 2128 Nam
1362 2084 1415 2128 de
1431 2101 1505 2144 pa-

203 2184 221 2201 »
230 2164 425 2206 trefamili
431 2181 473 2207 as
486 2165 665 2220 locutus,
678 2182 721 2207 se
734 2166 871 2224 ipsum
882 2179 993 2206 nunc
1002 2164 1189 2221 judicem
1202 2165 1360 2222 absque
1372 2164 1506 2223 figura

204 2262 221 2279 υ
232 2243 443 2301 exprimit.
505 2243 597 2285 Nec
626 2258 729 2285 vero
760 2244 844 2285 hoc
873 2245 917 2287 ἐν
945 2248 1034 2292 ταῖς
1052 2243 1264 2292 πλατείαις
1282 2261 1320 2286 κ.
1344 2261 1380 2286 τ.
1399 2243 1436 2286 λ.
1459 2243 1503 2284 in

244 2406 297 2450 (Ι)
321 2404 471 2439 Sufficiat
482 2416 600 2438 mcxix
612 2405 763 2439 laudasse
775 2404 873 2438 verba
885 2417 896 2438 .-
921 2405 1074 2438 »Cnvnv
1087 2404 1208 2437 vei-lies
1222 2404 1334 2435 zuerst
1346 2411 1429 2445 ganz
1444 2401 1509 2434 den

329 2471 434 2504 »weg
459 2462 518 2494 der
544 2463 664 2501 Alten,
691 2462 761 2494 und
787 2463 891 2494 satzte
918 2461 973 2494 die
993 2461 1098 2495 stelle
1121 2471 1182 2499 so,
1209 2460 1306 2500 dass,
1343 2469 1380 2493 u.
1405 2469 1435 2492 a.
1463 2469 1509 2491 w·

329 2517 409 2549 »Zu
433 2516 541 2549 dieser
565 2516 744 2559 gefff'illigen
772 2517 839 2550 und
867 2516 1091 2560 geistreichen
1119 2516 1317 2558 Auslegung
1338 2515 1508 2548 bekannte

330 2570 434 2604 »sich
458 2572 543 2605 auch
569 2574 694 2606 unst’
