1711 3047
839 161 866 199 3

189 301 348 345 addent
376 299 489 342 ssecti
523 300 727 341 nescium.
792 296 936 350 Quid?
967 296 1080 354 quod
1114 297 1223 339 hanc
1261 311 1329 339 me
1363 306 1494 339 mate-

189 381 295 422 riam
344 380 446 421 mihi
492 377 756 420 tractandam
800 376 991 418 sumsisse
1032 390 1289 434 magnopere
1328 376 1488 417 laetor:

188 459 425 500 uberrimos
458 458 570 499 enim
593 456 750 498 fructus
784 455 887 496 mihi
914 454 1103 512 proferat
1126 455 1230 496 haec
1257 453 1490 510 disquisitio

185 552 353 578 necesse
400 547 476 579 est.
555 536 666 578 Nam
702 549 877 576 canvnu
915 533 1245 575 commentarios
1284 533 1490 575 continuo

184 631 312 658 manu
342 616 538 669 volvens,
573 615 819 657 interiorem
842 613 1048 654 librorum
1075 628 1108 654 s.
1140 612 1392 653 contrahere
1417 627 1491 653 no-

184 696 342 749 titiam,
374 695 600 751 unicuique
625 693 789 735 homini
815 692 1078 745 Christiano,
1112 691 1293 732 maxime
1315 690 1491 732 antistiti

184 774 483 827 necessariam,
517 773 583 815 vel
610 773 764 814 invitus
785 787 932 830 cogor.
997 769 1163 812 Deinde
1186 769 1366 823 discam,
1401 784 1489 810 non

182 863 345 894 tantum
383 851 483 909 quid
524 866 757 903 CALVINUS,
797 851 862 892 vir
895 849 1044 906 judicii
1084 850 1279 890 acerrimi
1310 859 1353 890 et
1387 848 1488 890 doc-

182 931 316 971 trinae
359 930 590 970 immensae
631 928 683 969 de
727 929 845 969 libris
878 942 912 969 s.
948 927 1125 980 dixerit,
1162 943 1308 968 verum
1340 928 1487 981 etiam,

179 1006 281 1064 quid
304 1006 647 1064 praestantissimi
673 1006 826 1062 quique
854 1015 951 1062 post
976 1020 1198 1046 CALvmnM
1218 1005 1489 1063 interpretes,

179 1100 360 1142 quorum
385 1085 554 1126 labores
581 1100 678 1126 cum
712 1086 799 1140 ejus
825 1084 1242 1141 interpretationibus
1263 1094 1359 1125 sunt
1389 1099 1489 1126 con·

176 1163 341 1206 ferendi
356 1197 366 1217 ‚
398 1161 656 1221 scripserint.

235 1243 461 1284 Praeterea
498 1242 746 1284 nonnullam
780 1241 892 1283 forte
927 1241 1018 1283 aliis
1043 1241 1171 1283 etiam
1196 1241 1361 1283 allaturi
1389 1251 1485 1283 sunt

173 1321 398 1363 utilitatem
454 1321 611 1375 nostri,
665 1320 974 1377 qualescunque
1030 1320 1226 1374 tandem,
1280 1332 1481 1375 conatus;

173 1400 329 1458 quippe
371 1400 546 1457 quibus,
591 1409 736 1441 nostra
775 1399 1034 1458 legentibus,
1078 1399 1247 1441 facilior
1282 1400 1363 1442 erit
1393 1402 1481 1454 via,

169 1479 226 1522 ad
246 1479 452 1536 judicium
477 1479 530 1521 de
560 1494 743 1520 CALVINO
772 1479 1004 1535 interprete
1029 1477 1266 1520 ferendum.
1318 1477 1482 1531 Quodsi

172 1557 342 1599 efficere
370 1556 572 1598 duntaxat
598 1556 782 1614 possim,
817 1567 864 1597 ut
887 1556 1158 1613 opinionibus
1183 1555 1481 1614 praejudicatis

174 1636 372 1691 abjectis,
414 1636 688 1692 interpretem
725 1649 822 1675 eum
860 1634 1063 1687 habeant,
1095 1634 1228 1690 qualis
1258 1644 1343 1688 est,
1373 1634 1481 1676 libe-

169 1713 322 1766 ralem,
355 1714 578 1755 consilium
611 1728 754 1755 meum
786 1713 981 1770 attigero.

226 1792 469 1849 Antequam
507 1808 610 1834 vero
644 1807 750 1851 opus
782 1790 1024 1851 aggredior,
1054 1791 1258 1833 nonnulla
1285 1806 1477 1850 praemo-

168 1870 307 1912 nenda
337 1870 562 1924 videntur,
606 1879 692 1912 tum
721 1869 775 1913 de
809 1886 843 1913 S.
881 1870 1262 1928 interpretationis,
1297 1886 1474 1914 cAnvnvt

165 1960 380 2007 tempore,
428 1948 700 2003 conditione,
744 1959 829 1991 tum
867 1948 920 1991 de
951 1948 1110 2003 modo,
1144 1965 1229 2007 quo
1260 1949 1314 1993 ad
1346 1951 1474 1994 interm

166 2028 393 2085 pretandos
423 2029 555 2072 libros
586 2029 641 2072 N.
681 2029 733 2071 T.
765 2029 991 2071 historicos
1022 2029 1260 2072 accesserit„

762 2170 870 2235 §a

353 2287 574 2328 Sacrorum
605 2285 806 2328 librorum
837 2287 1245 2344 interpretandorum
1259 2320 1271 2340 ‚

512 2371 681 2407 ineunte
709 2380 794 2408 sec.
828 2367 960 2420 XVI,
992 2371 1117 2409 ratio.

217 2501 374 2544 Misera
408 2513 498 2545 erat
525 2502 579 2545 ad
602 2503 792 2546 seculum
822 2520 953 2562 usque
975 2506 1056 2549 XV
1082 2506 1310 2549 Sacrorum
1334 2507 1467 2551 libro-

158 2597 250 2623 rum
268 2582 683 2641 interpretandorum
709 2585 833 2627 ratio,
880 2584 1130 2644 Vulgatam,
1163 2602 1269 2644 quae
1285 2585 1463 2641 dicitur,

1242 2667 1290 2707 11*
