1711 3047
799 141 906 220 139κ

826 314 880 359 V.

261 398 362 441 Non
381 408 470 453 est,
495 395 614 455 quod
636 396 862 449 miremur,
885 410 1049 451 mum,
1074 397 1210 438 virum
1234 399 1505 456 caeteroquin

203 475 486 536 intrepidum,
523 475 677 534 fugisse
712 475 758 516 in
791 474 1029 531 desertum,
1072 477 1269 518 minantis
1302 493 1508 520 annun

204 566 346 611 metu,
372 566 638 612 mortemque
661 552 932 597 desiderasse.

264 714 363 757 Non
388 712 588 757 audiendi
610 716 732 788 sunm
755 712 826 770 qui
851 727 1033 754 cnms'ro
1048 744 1060 766 ,
1086 713 1130 754 in
1150 713 1309 771 publici
1327 714 1511 756 muneris

206 794 329 836 initio
361 791 476 835 aliud
496 792 690 835 tribuant
713 791 962 845 consilium,
989 801 1113 849 atque
1136 792 1181 833 in
1205 791 1392 849 ejusdem
1409 792 1508 836 fine.

267 948 502 1009 Epistolam
526 948 580 991 ad
601 948 820 991 Hebraeos
844 949 986 1008 lingua
1007 949 1391 994 Hebraeo-Graec&
1412 967 1513 995 con-

210 1028 413 1087 scriptam
434 1043 522 1070 esse
543 1027 856 1072 contendimus.
1106 1028 1109 1031 ’

267 1187 403 1228 Recte
430 1199 630 1227 Jus‘rnws
657 1184 846 1240 ῘΡΙανζγν,
868 1185 995 1243 Apol.
1022 1185 1079 1228 ΙΙ.
1106 1187 1211 1245 Cap.
1236 1202 1285 1244 7:
1319 1196 1515 1245 γεννητοῦ

202 1268 366 1318 παντὸς
395 1265 465 1319 ἣδε
494 1269 518 1319 η’
550 1269 690 1318 (mbae,
724 1264 870 1312 κακίας
901 1266 969 1306 καὶ
999 1266 1141 1321 ἀρετῆς
1174 1268 1360 1313 δεκτικὸν
1394 1267 1517 1313 εἶναι·

211 1346 258 1387 οὐ
297 1346 376 1400 γὰρ
429 1348 470 1387 ”ν
502 1340 555 1396 ἦν
589 1344 805 1386 ἐπαινετὸν
839 1343 961 1386 οὐδὲν
993 1344 1158 1395 αὐτῶν,
1193 1349 1228 1388 εἷ
1256 1348 1329 1391 οὐκ
1361 1347 1413 1402 ἦν
1451 1350 1516 1394 ἐπ’

210 1424 386 1478 ἄμφότερ
446 1421 695 1478 τρέπεσθαι,
729 1423 799 1463 καὶ
832 1422 1010 1476 δύναμιν
1036 1420 1130 1480 εἶχε.

271 1578 575 1636 Jusjurandum·
596 1578 842 1621 Christianis
874 1595 964 1623 non
994 1580 1190 1631 illicitum
1222 1593 1299 1626 est.

243 1737 263 1777 Ι
266 1734 496 1778 nstituendi
517 1734 764 1791 methodus,
776 1738 858 1794 qu&
869 1752 965 1798 usus
979 1747 1040 1780 est
1053 1753 1258 1781 cnmsmus
1270 1771 1282 1794 ,
1302 1744 1520 1802 egregium

213 1816 392 1874 praebet
407 1814 647 1873 exemplum
659 1847 672 1869 ‚
690 1814 806 1872 quod
825 1827 1052 1873 sequantur
1067 1818 1195 1860 etiam
1213 1835 1326 1862 nunc
1344 1822 1519 1878 quicun-

216 1909 299 1951 que
315 1892 594 1935 informandis
609 1894 854 1936 hominibus
873 1894 1120 1938 Christianis
1136 1911 1313 1955 operam
1330 1898 1445 1944 dent.

274 2051 460 2093 CALvnu
487 2050 615 2093 verba
652 2048 706 2091 ad
729 2050 882 2093 Matth.
902 2051 969 2106 Π,
997 2067 1034 2095 1.
1071 2053 1277 2097 »Nescire
1297 2066 1522 2114 praestat,

215 2145 372 2189 »quam
405 2138 557 2171 temere
572 2144 657 2188 pro
689 2138 802 2171 certo
826 2146 1038 2186 asserere,
1067 2133 1182 2191 quod
1204 2133 1377 2177 dubium
1409 2138 1522 2192 est,''

215 2208 460 2251 Homiletae
506 2208 551 2249 in
597 2207 857 2267 explicandis
904 2209 1215 2255 difficilioribus
1259 2214 1431 2258 Codicis
1472 2217 1518 2261 S.

215 2287 345 2341 locis,
377 2286 676 2330 commendata
707 2298 847 2332 sunto,

812 2367 913 2411 XII.

274 2446 457 2487 Cmusn
478 2445 606 2487 verba
621 2460 743 2488 JoAn.
762 2446 826 2501 ΙΙ,
846 2445 944 2504 19⁶:
978 2448 1123 2494 muare
1152 2453 1224 2494 τὸν
1252 2454 1355 2496 ναὸν
1381 2457 1525 2499 τοῦτον

217 2543 255 2568 κ.
280 2543 317 2567 τ.
337 2524 374 2566 λ.
414 2523 466 2566 de
501 2526 587 2581 ejus
619 2535 758 2568 morte
784 2536 827 2569 et
857 2527 902 2569 in
927 2528 1059 2572 vitam
1085 2527 1224 2572 reditu
1250 2530 1522 2589 intelligenda

217 2619 329 2658 esse,
365 2603 596 2647 statuimus.
