1711 3047
803 180 857 219 35

186 325 229 365 in
266 337 314 364 re
349 321 472 363 anxie
508 334 745 375 versemur,
792 331 921 376 quum
963 317 1040 376 ipsi
1080 316 1395 376 Evangelistae,
1444 317 1488 359 in

184 399 390 458 ejusmodi
426 399 701 459 dispositione
739 396 1008 452 adhibenda,
1054 400 1327 456 praecessisse
1365 399 1489 443 nobis

184 479 407 522 videantur
426 479 505 537 (1).

786 594 894 659 §4.

293 737 553 777 Harmoniae
582 746 871 776 CALVINIANAE
901 740 1152 774 momentum
1161 763 1174 786 ,
1209 732 1384 776 utilitas.

248 873 448 915 Feliciter
476 872 707 914 admodum
736 882 779 913 et
811 881 980 925 exacte,
1012 871 1055 912 in
1088 881 1337 928 argumento
1365 872 1492 914 trium
1516 924 1528 931 -

187 952 514 1009 Evangeliorum
544 949 835 1007 disponendo,
868 959 1054 990 versatus
1080 959 1142 990 est
1170 960 1336 1004 noster,
1371 961 1497 1008 atque

189 1044 282 1071 eam
317 1029 374 1070 ob
413 1043 606 1080 causam,
647 1027 814 1085 egregie
854 1026 907 1067 de
940 1027 1173 1068 lectoribus
1207 1037 1270 1068 est
1305 1029 1494 1072 meritus.

247 1107 423 1163 Majoris
455 1106 500 1148 id
533 1107 753 1148 aestimare
783 1105 1007 1159 debemus,
1045 1106 1142 1162 quia
1174 1106 1498 1165 Evangeliorum

189 1187 351 1241 lectio,
390 1186 634 1228 hominibus
677 1184 892 1239 indoctis,
930 1200 1008 1242 per
1045 1185 1156 1226 hanc
1199 1186 1312 1227 viam
1357 1197 1400 1228 et
1434 1203 1500 1229 ra·

192 1266 373 1319 tionem,
402 1265 570 1306 facilior
591 1263 758 1306 reddita
779 1274 839 1305 est
862 1264 1077 1322 magisque
1111 1263 1327 1322 frugifera.
1375 1266 1501 1308 Enim

191 1359 321 1397 vero,
357 1359 453 1385 curn
479 1344 524 1385 in
554 1341 745 1401 legendis
771 1342 1133 1401 Evangelistarum
1163 1344 1499 1398 narrationibus,

192 1423 443 1475 continuus,
476 1422 546 1478 qui
567 1421 779 1462 invenitur
804 1421 848 1461 in
879 1421 1020 1462 bibliis
1050 1421 1224 1474 nostris,
1259 1437 1504 1464 sermonum

191 1516 417 1556 rerumque
442 1499 671 1552 factarum,
698 1514 792 1539 cum
820 1509 1090 1556 argumento,
1114 1510 1204 1540 tum
1223 1500 1362 1542 forma
1387 1517 1503 1561 mag-

192 1592 355 1636 nopere
390 1593 414 1618 a
444 1591 487 1617 se
513 1576 696 1617 invicem
728 1575 988 1617 diversarum
1006 1608 1017 1629 ,
1053 1575 1161 1618 ordo
1191 1588 1234 1619 et
1264 1594 1501 1634 successus,

193 1654 422 1697 mediocris
446 1654 626 1695 maxime
646 1654 804 1711 ingenii
822 1654 1083 1708 hominibus,
1105 1654 1391 1699 difficiliorem
1414 1657 1506 1700 red-

193 1733 267 1774 dat
290 1733 542 1785 lectionem,
567 1747 707 1788 neque
730 1731 895 1773 reficiat
919 1732 1120 1787 lectores,
1147 1745 1265 1776 certo
1292 1746 1335 1777 et
1355 1748 1504 1780 exacto

195 1810 453 1869 singularum
501 1810 685 1867 partium
739 1811 922 1852 termino
968 1810 1039 1853 hie
1083 1812 1176 1854 finis
1220 1827 1504 1872 monstratur,

193 1890 240 1932 in
272 1905 356 1947 quo
390 1890 615 1931 subsistant
644 1890 852 1948 legentes,
893 1906 977 1947 quo
1011 1907 1078 1934 res
1111 1907 1133 1934 a
1163 1909 1206 1935 se
1231 1894 1412 1938 diversas
1430 1896 1511 1939 dis-

197 1979 395 2023 cernant,
429 1969 540 2011 lecta
575 1968 840 2011 meditationi
879 1969 1075 2025 tradant,
1111 1983 1236 2029 atque
1268 1973 1422 2017 deinde
1454 1976 1508 2018 ad

196 2048 278 2090 alia
299 2058 526 2089 transeant.
589 2047 750 2089 Verum
771 2047 886 2089 hisce
910 2064 997 2089 non
1028 2050 1258 2092 absolvitur
1286 2068 1509 2096 cALvnuA-

198 2142 284 2169 NAE
313 2127 562 2168 harmoniae
588 2127 761 2170 utilitas.
825 2127 922 2169 Alia
955 2139 1051 2170 sunt
1078 2129 1290 2185 notanda,
1325 2132 1509 2188 scilicet,

197 2221 297 2248 cum
330 2205 619 2263 Evangelistae
655 2206 737 2247 sibi
775 2221 862 2247 non
896 2221 1064 2265 semper
1094 2208 1262 2251 easdem
1297 2225 1363 2252 res
1399 2212 1509 2254 refe-

199 2283 352 2326 rendas
387 2284 688 2342 proposuerint
725 2295 768 2327 et
800 2300 898 2327 cum
929 2286 997 2328 vel
1031 2285 1207 2329 caedam
1236 2304 1302 2331 res
1334 2291 1387 2332 ab
1420 2291 1510 2334 aliis

238 2451 290 2494 (1)
315 2451 394 2486 Vid.
416 2451 458 2483 ad
484 2462 616 2485 nuru.
642 2453 688 2491 X,
711 2453 768 2484 32.
792 2453 873 2484 etl.
900 2464 934 2496 p.
963 2454 1044 2486 item
1067 2454 1108 2486 ad
1128 2466 1262 2487 nuru.
1283 2457 1389 2496 XIII,
1420 2458 1450 2492 1.
1481 2461 1517 2490 et

321 2508 345 2538 l.
373 2519 408 2550 p.
437 2508 495 2540 ubi
520 2510 605 2542 haec
632 2511 701 2542 ait:
739 2520 855 2550 »quae
880 2510 949 2542 huc
977 2511 1103 2543 inserui
1137 2523 1176 2543 ex
1209 2522 1317 2552 Luca,
1355 2514 1443 2546 sorte
1478 2514 1519 2546 ad

322 2564 442 2595 »aliud
478 2568 611 2609 tempus
636 2567 829 2609 pertinent3
865 2567 924 2599 sed
955 2578 1044 2609 quae
1075 2578 1144 2598 uno
1177 2571 1341 2601 contextu
1378 2573 1516 2613 posuit.

323 2620 445 2653 »nulla
469 2622 556 2654 ratio
581 2633 703 2663 cogere
729 2623 797 2655 visa
823 2625 898 2663 est,
926 2633 987 2655 cur
1011 2624 1288 2666 disjungerem.’'

1225 2689 1245 2708 0
1263 2690 1280 2707 ἑ*

1225 2709 1248 2729 ,ρ
