1711 3047
791 177 872 218 123

186 342 238 370 ex
270 324 408 383 poetis
443 335 613 364 ΕΝΝῙΠΜ
637 319 719 378 (1),
752 331 983 360 nonnum
1011 316 1098 374 (2),
1137 330 1374 358 vuzermmvt
1397 314 1487 372 (3),

187 417 373 456 uastum
399 400 486 460 (4);
526 398 700 442 tandem
735 396 1069 439 Grammaticum
1108 409 1369 437 MACROBIUM
1399 392 1490 451 (5);

189 497 241 525 ex
268 480 434 523 Judaeis
461 477 736 537 scriptoribus
763 490 958 517 FLAVIUM
987 489 1209 516 Josmumxu
1234 472 1310 530 (6).
1374 472 1495 513 Haec

191 561 289 604 satis
321 574 533 618 superque
572 556 730 599 docent
765 554 884 597 illam
921 553 1153 595 memoriae
1187 551 1492 602 tenacitatem,

193 655 320 698 quam
346 652 531 680 CALVINO
561 635 871 694 adscripsimus,
936 632 1149 674 Plurimos
1178 630 1291 672 enim
1323 628 1499 685 scripto-

195 734 261 762 res
273 752 285 773 ‚
306 732 487 776 quorum
503 730 635 774 opera
657 712 821 767 laudat,
839 711 907 754 vel
923 711 968 753 in
980 709 1154 767 juvenili
1170 723 1244 750 sua
1257 717 1393 749 aetate
1405 738 1416 760 ‚
1433 703 1500 746 vel

197 807 344 856 postea
368 796 552 854 legerat3
583 804 626 836 at
653 793 723 836 vel
745 792 806 834 sic
824 802 967 833 tamen
992 788 1255 848 singulorum
1272 785 1502 828 verborum

197 875 551 934 significationem
579 888 630 916 ac
653 871 956 915 sententiarum
983 883 1148 912 sensum
1171 876 1288 908 recte
1305 863 1503 916 adhibet,

202 953 257 998 ad
278 954 430 996 similia
451 951 563 995 dicta
583 949 846 1010 explicanda.

600 1266 641 1307 E
644 1264 868 1307 laborandi
882 1264 1096 1319 facultas.

269 1425 399 1479 Quod
431 1426 466 1466 si
500 1423 649 1465 oculos
682 1421 966 1463 convertimus
999 1418 1045 1460 in
1071 1417 1258 1476 singulos
1287 1416 1510 1469 homines,

208 1504 367 1564 ingenii
385 1501 652 1545 facultatibus
669 1514 772 1558 prae
792 1498 969 1541 caeteris
990 1498 1243 1550 eminentes,
1267 1495 1515 1537 alterutrum

210 1582 452 1642 saepissime
474 1579 763 1633 observamus,
779 1588 828 1620 ut
847 1577 915 1620 vel
936 1576 1144 1619 memoria
1161 1575 1277 1618 felici
1295 1575 1380 1616 sint
1398 1588 1518 1631 prae-

212 1661 310 1716 diti,
336 1661 403 1703 vel
423 1659 630 1718 judicium
654 1657 840 1700 habeant
863 1656 1134 1699 acerrimum.
1197 1654 1426 1710 Utriusque
1449 1666 1519 1693 ra-

213 1741 376 1782 rissima
406 1749 470 1782 est
503 1737 769 1794 conjunctio.
833 1735 980 1788 Qualis
1012 1745 1152 1778 autem
1184 1748 1361 1775 cnvnu
1392 1731 1521 1773 fuerit

214 1818 441 1870 memoria,
470 1817 688 1874 superiore
716 1819 738 1868 S
766 1814 971 1867 vidimus,
1006 1824 1132 1870 atque
1161 1811 1270 1854 adeo
1299 1827 1412 1853 nunc
1431 1812 1522 1867 jam

216 1896 269 1939 de
300 1896 431 1938 altera
459 1895 532 1938 illa
561 1895 720 1954 ingenii
748 1893 949 1936 facultate
980 1891 1191 1952 agendum
1221 1891 1345 1933 nobis
1376 1900 1455 1933 est.

275 1972 496 2016 Iudicandi
509 1974 597 2016 vim
613 1973 886 2032 praecipuam
900 1972 1013 2014 inter
1027 1971 1185 2030 ingenii
1199 1970 1421 2014 facultates
1434 1984 1523 2012 esse

257 2164 310 2207 (l)
335 2163 385 2197 Ad
410 2163 489 2197 Act.
515 2162 584 2201 lx,
611 2161 671 2196 37.

259 2221 312 2263 (2)
336 2221 476 2252 nuru.
503 2218 639 2258 XXIII,
665 2217 722 2250 29.
771 2217 850 2251 Luc.
875 2217 975 2257 XVI,
1001 2217 1059 2249 24.
1089 2218 1126 2249 et
1153 2218 1233 2250 Act.
1256 2217 1377 2257 XVII,
1402 2217 1460 2249 21.

258 2277 312 2319 (3)
336 2275 388 2308 Ad
411 2277 491 2309 Act.
517 2275 615 2314 XVI,
642 2275 701 2308 35.
726 2273 844 2314 xvn,
870 2273 926 2306 28.

259 2332 312 2375 (4)
336 2332 388 2365 Ad
412 2332 492 2365 Act.
518 2331 638 2371 XVII,
663 2330 723 2366 25.

259 2391 314 2433 (5)
337 2389 390 2424 Ad
411 2399 546 2422 nuru.
572 2388 630 2429 11,
660 2387 716 2420 16.

260 2447 313 2489 (6)
338 2446 390 2479 Λᾶ
403 2456 535 2479 nuru.
551 2445 609 2484 11,
638 2444 691 2477 16.
710 2444 802 2484 XIV,
822 2444 859 2477 3.
873 2443 973 2483 XIX,
998 2443 1054 2477 18.
1074 2443 1204 2482 XXVI,
1227 2441 1285 2476 57.
1301 2443 1448 2483 XXVII,
1473 2443 1532 2477 29.

344 2503 424 2535 Luc..
442 2502 499 2541 11,
529 2501 561 2534 1.
605 2501 711 2533 JoAn.
726 2500 786 2541 11,
804 2500 865 2535 20.
889 2500 1025 2540 XVIII,
1052 2500 1108 2533 13.
1151 2501 1232 2534 Aet.
1248 2499 1310 2539 lv,
1337 2499 1390 2531 16.
1404 2499 1447 2539 V,
1472 2499 1532 2533 36.

344 2559 452 2596 vm,
479 2557 513 2591 4.
541 2558 612 2600 xl,
638 2557 696 2591 28.
723 2557 811 2598 xn,
837 2557 898 2593 21.
924 2556 1005 2599 xv,
1037 2557 1093 2592 13.
1123 2557 1222 2597 xxr,
1254 2557 1311 2589 38.
1339 2557 1469 2598 xnv,
1500 2557 1532 2592 1.

345 2616 453 2656 xxv,
484 2615 538 2650 13.
