1711 3047
843 172 898 213 53

207 314 279 366 sit,
303 327 377 354 cur
401 310 508 353 adeo
531 325 662 369 pauca
676 342 688 365 ,
715 311 758 352 in
779 310 1006 369 praecipua
1028 309 1159 351 hacce
1179 309 1346 351 critices
1367 318 1506 367 parte,

206 391 354 448 egerit.
418 389 715 433 Praecedentis
741 390 854 432 enim
875 392 898 442 S
925 397 1218 447 argumentum
1239 387 1503 446 inspicienti,

206 468 359 510 mirum
391 469 543 526 cuique
569 468 762 511 videatur
784 482 953 510 necesse
975 477 1061 520 est,
1097 481 1348 520 cALvmmu,
1374 475 1510 508 caete·

207 547 362 604 roquin
381 546 435 590 de
456 547 804 605 interpretatione
823 546 933 588 bene
957 545 1180 598 meritum,
1210 544 1254 585 in
1277 542 1510 585 admodum

206 626 442 667 necessario
472 625 608 667 hocce
636 623 994 682 interpretationis
1017 621 1278 664 adminiculo
1301 636 1400 663 raro
1420 631 1510 662 tan-

204 713 294 746 tum
334 704 486 745 virium
525 717 696 745 suarum
735 702 972 762 periculum
1013 701 1176 744 fecisse.
1239 700 1355 742 Artis
1393 699 1508 742 enim

206 783 379 825 criticae
405 780 589 824 studium
620 782 665 823 in
696 782 868 841 egregio
896 796 1153 838 unoquoque
1174 780 1407 838 interprete
1435 794 1509 821 ne-

206 862 387 904 cessario
413 862 592 919 requiri,
618 877 669 903 ex
693 861 1019 903 clarissimorum
1045 874 1396 917 quorumcunque
1419 873 1508 900 om-

204 940 267 981 nis
308 940 396 981 aevi
436 949 704 997 exegetarum
736 938 932 996 exemplo
971 938 1117 980 videre
1156 948 1234 980 est.
1297 936 1503 990 Accedit,

204 1016 320 1074 quod
345 1015 556 1074 gaudebat
583 1016 760 1074 egregiis
787 1016 1020 1073 quibusque
1049 1015 1209 1074 ingenii
1235 1014 1506 1056 facultatibus

201 1109 433 1149 CALleus,
468 1094 652 1136 maxime
680 1094 888 1136 memoria
918 1093 1159 1136 incredibili
1198 1104 1323 1151 atque
1356 1093 1508 1136 acerri-

200 1189 273 1216 mo
307 1173 496 1230 judicio,
533 1173 593 1215 ita
622 1183 670 1215 ut
705 1188 729 1216 a
763 1173 920 1232 priori,
965 1171 1328 1231 quemadmodum
1364 1175 1503 1230 ajunt,

200 1251 530 1311 exspectandum
552 1262 684 1307 esset,
711 1252 757 1294 in
781 1252 939 1295 criticis
959 1252 1165 1308 maxime,
1197 1267 1295 1295 eum
1325 1252 1505 1295 multum

198 1331 497 1388 praestiturum
527 1345 632 1374 esse.

255 1409 364 1452 Mihi
395 1409 592 1468 quidem,
629 1410 737 1452 haec
761 1410 905 1452 animo
936 1409 1151 1466 volventi,
1190 1421 1350 1453 certam
1377 1425 1507 1469 quan-

197 1487 297 1531 dam
332 1504 501 1532 causam
535 1503 759 1531 cnvmmvt
797 1488 1065 1547 impedivisse
1098 1489 1235 1532 visum
1274 1500 1361 1544 est,
1403 1504 1506 1548 quo-

197 1567 335 1609 minus
372 1567 500 1609 fusius
537 1567 582 1609 in
619 1567 736 1609 hisce
775 1567 830 1609 sit
870 1577 1078 1622 versatus,
1123 1583 1282 1625 quaeve
1317 1584 1414 1611 eum
1449 1569 1504 1612 ab

197 1646 283 1689 hoc
311 1646 461 1688 labore
488 1646 725 1689 retinuerit.
789 1645 949 1688 Verum
982 1662 1188 1703 quaenam
1210 1646 1317 1688 illa?
1359 1647 1504 1690 Prima

198 1723 370 1782 quidem
404 1739 527 1767 causa
563 1724 732 1766 videtur
765 1723 997 1767 derivanda
1031 1741 1055 1767 e
1090 1725 1336 1768 criticorum
1369 1726 1503 1768 subsi-

194 1801 385 1857 diorum,
403 1803 587 1844 maxime
607 1801 838 1858 Codicum,
858 1802 1050 1858 defectu,
1069 1818 1178 1861 quo,
1203 1819 1380 1847 CALVIN1
1398 1814 1502 1848 tem-

192 1896 324 1940 pore,
361 1881 617 1923 laborabant
649 1881 861 1941 theologi,
907 1898 992 1940 quo
1025 1893 1068 1925 et
1100 1883 1238 1942 ipsum
1276 1899 1501 1928 CALVINUM

194 1960 406 2002 laborasse
432 1959 533 2002 inde
564 1970 701 2018 patet,
731 1959 848 2017 quod
878 1960 1003 2002 nullis
1037 1960 1257 2004 codicibus
1286 1978 1382 2004 usus
1409 1978 1498 2006 esse

192 2037 399 2082 videatur.
455 2038 604 2080 Altera
625 2053 729 2080 vero
762 2053 911 2093 causa,
943 2040 1034 2093 cui,
1065 2041 1281 2098 inprimis,
1315 2041 1496 2083 multum

192 2117 435 2170 tribuimus,
462 2116 701 2174 quaerenda
719 2127 780 2159 est
795 2118 840 2159 in
853 2118 1032 2160 consilio
1045 2151 1056 2173 ,
1077 2119 1193 2176 quod
1210 2120 1290 2162 sibi
1313 2121 1357 2162 in
1380 2136 1495 2164 com-

192 2195 408 2239 mentariis
430 2194 663 2237 scribendis
690 2196 935 2255 proposuit,
965 2197 1034 2239 cui
1065 2213 1154 2240 non
1177 2198 1237 2241 ita
1261 2198 1497 2257 quadrabat

192 2274 359 2318 critices
395 2273 594 2318 studium.
663 2276 891 2318 Enimvero
921 2292 1011 2319 non
1040 2276 1149 2320 adeo
1180 2279 1404 2338 theologos
1439 2281 1497 2323 ob

193 2354 341 2397 oculos
360 2354 510 2397 habuit
530 2355 575 2397 in
592 2354 820 2398 scribendo
833 2388 845 2410 ,
866 2355 942 2398 sed
957 2356 1061 2399 alios
1084 2372 1254 2416 quoque
1273 2359 1491 2415 homines3

193 2444 236 2476 et
266 2432 437 2475 Codicis
469 2433 515 2478 S.
553 2435 750 2477 notitiam
787 2434 1002 2494 divulgare
1037 2437 1116 2479 sibi
1151 2439 1396 2497 proposuit,
1430 2455 1496 2482 ra-

191 2513 331 2568 tione,
362 2528 469 2570 quae
489 2514 580 2556 aevi
602 2513 840 2557 conditioni
861 2515 1044 2559 maxime
1065 2527 1173 2559 esset
1197 2528 1497 2562 consentanea.

193 2592 445 2651 Propterea,
472 2603 518 2636 ut
542 2592 728 2649 videtur,
755 2609 961 2639 cnvmns
983 2611 1027 2639 se
1051 2595 1252 2640 abstinuit
1280 2612 1304 2639 a
1330 2597 1498 2641 critices
