1711 3047
862 182 919 222 94

241 325 438 378 terrenis,
470 324 618 381 quibus
639 323 850 382 implicari
874 321 1018 364 fideles
1041 337 1208 367 necesse
1231 336 1315 380 est,
1342 327 1541 384 quamdiu

240 405 284 445 in
319 418 444 446 carne
478 403 695 456 habitant3
725 413 768 444 et
802 417 901 445 Luc.
940 401 1068 456 XVI,
1104 417 1175 460 27.
1215 407 1345 461 ἐρωτῶ
1384 404 1456 451 οὖν
1475 423 1537 460 σε,

237 487 395 539 Πάτερ,
419 484 491 526 ἵνα
509 481 673 538 πέμψῃς
695 482 820 525 αὐτὸν
844 498 879 523 κ.
901 497 936 523 τ.
956 480 992 523 λ.
1016 481 1181 535 statuit,
1205 498 1443 539 cmusrum,
1463 487 1540 527 sub

238 560 380 609 divitis
425 570 468 602 et
513 575 741 601 ABRAHAMI
791 559 993 617 persona,
1040 573 1118 600 nos
1170 559 1423 617 admonere,
1462 565 1540 605 mi-

237 641 373 681 nime
397 637 725 696 exspectandum
767 653 877 691 esse,
914 636 1018 679 dum
1051 638 1209 679 mortui
1239 652 1456 698 resurgant
1486 642 1541 684 ad

238 733 316 759 nos
348 716 566 759 docendos
593 726 635 758 et
667 715 926 768 hortandos,
962 716 1038 757 ubi
1072 727 1187 758 certa
1206 717 1378 760 vivendi
1398 721 1541 778 regula

237 796 360 838 nobis
395 794 551 837 tradita
591 805 668 837 est.
731 795 848 836 Alibi
883 793 1036 849 docet,
1073 795 1340 852 parabolasa
1361 812 1540 839 cnmsro

238 875 495 933 propositas,
531 874 725 915 omnibus
757 874 940 915 numeris
973 873 1184 915 absolutas
1217 889 1326 929 esse,
1360 885 1408 916 ut
1437 875 1542 917 nihil

238 951 466 1010 superfluat
494 952 562 994 vel
591 951 754 994 detrahi
783 952 938 1011 possit,
973 967 1073 994 Luc.
1099 951 1204 1006 VII,
1241 951 1390 995 36-50.

299 1031 362 1071 Ex
388 1031 453 1071 his
474 1031 602 1088 igitur
628 1030 753 1084 locis,
790 1031 937 1087 quibus
963 1029 1061 1071 addi
1092 1030 1214 1087 plura
1240 1040 1430 1087 possent,
1455 1030 1540 1071 col—

239 1108 430 1167 ligimus,
469 1123 711 1163 οΑῙΝιΝΠΜ,
741 1109 786 1151 in
808 1107 1132 1166 interpretandis
1160 1108 1391 1165 parabolis,
1425 1118 1539 1149 recto

240 1197 451 1228 versatum
481 1202 569 1228 CSSG
575 1218 585 1228 .

843 1371 952 1435 §3

677 1549 896 1590 Orationis
911 1548 1104 1605 figurae.

298 1736 348 1778 In
393 1733 653 1793 exponendis
706 1733 909 1774 orationis
957 1732 1099 1789 figuris
1144 1733 1335 1774 universe
1371 1733 1540 1776 felicem

240 1812 381 1872 posuit
419 1811 667 1853 industriam
702 1823 929 1851 CALvmns.
993 1808 1139 1850 Plures
1177 1808 1542 1865 synecdocharum

242 1892 391 1933 classes
424 1890 504 1931 rite
543 1888 821 1945 distinguens,
861 1885 989 1928 docet
1026 1886 1134 1927 sumi
1174 1896 1264 1927 tum
1300 1895 1428 1928 totum
1459 1900 1541 1943 pro

231 1977 382 2026 parte,
401 1983 501 2009 Luc.
526 1967 587 2019 II,
616 1982 652 2007 1.
679 1968 988 2020 ἀπογράφεσθαι
1009 1968 1146 2006 πάσαν
1174 1969 1247 2016 τὴν
1277 1964 1541 2019 οιίιουμένηι),ὸ

243 2046 340 2090 Act.
363 2047 424 2098 II,
457 2044 532 2096 43.
563 2045 720 2097 ἐγένετο
749 2044 793 2086 δὲ
817 2047 924 2099 πάσῃ
949 2048 1063 2098 ψυχῇ
1083 2044 1231 2099 φόβος,·
1263 2052 1353 2084 tum
1376 2051 1545 2099 partem

237 2141 316 2183 pro
350 2133 455 2178 toto,
488 2139 652 2165 ΜΑΤΤΗ.
678 2122 737 2176 V,
770 2122 813 2164 6.
842 2124 1061 2171 πεινῶντες
1087 2123 1155 2164 καὶ
1180 2122 1399 2176 διψῶντες,
1431 2120 1545 2162 labo·

244 2219 340 2246 rare
377 2207 547 2259 inopia,
589 2202 759 2249 destitui
795 2200 918 2242 rebus
955 2205 1205 2241 necessariis
1214 2215 1231 2252 ,¹
1267 2199 1350 2252 VI,
1396 2215 1462 2242 11.
1502 2199 1546 2241 in

244 2296 350 2323 voce
374 2285 494 2336 ἄρτος
513 2279 600 2336 (1);
634 2278 702 2320 vel
723 2283 901 2336 speciem
924 2293 1003 2335 pro
1029 2293 1204 2335 genere,
1237 2291 1335 2318 mm.
1359 2277 1438 2329 III,
1476 2292 1541 2318 11.

245 2364 269 2404 ό
301 2362 405 2417 ἔχων
435 2360 507 2403 δυό
531 2361 726 2415 χιτῶνας,
769 2357 869 2398 »sub
897 2372 980 2397 una
1003 2356 1143 2413 specie
1174 2353 1546 2412 comprehenditur

247 2439 476 2498 »generalis
491 2437 698 2489 doctrina,
713 2450 866 2494 nempe
879 2445 926 2477 ut
943 2434 1114 2492 quisque
1132 2448 1182 2475 ex
1197 2448 1272 2474 sua
1289 2431 1545 2475 abundantia

285 2606 339 2648 (1)
368 2607 430 2639 eff.
459 2614 631 2641 onorius,
660 2611 811 2632 κωκιηῑῐ,
837 2605 870 2632 et
897 2610 1049 2630 nmirum
1076 2598 1115 2629 ad
1140 2598 1174 2631 h.
1201 2598 1226 2630 Ι.
