1711 3047
801 191 857 233 49

184 334 382 393 conjicit,
406 333 477 394 qui
497 331 657 375 factum
673 333 751 387 sit,
771 340 817 373 ut
832 329 1011 389 Vulgata
1027 329 1180 372 habeat
1192 330 1421 373 lectionem
1435 329 1488 372 ab

183 415 382 457 omnibus
407 411 638 466 diversam
671 412 731 453 ita
763 409 817 452 de
845 409 945 451 loco
976 423 1100 452 JoAN.
1126 409 1202 452 III.
1238 408 1292 451 31
1315 441 1328 463 ,
1359 407 1492 450 modo

183 492 374 546 laudato,
398 492 654 550 suspicatur,
685 489 982 548 repetitionem
1005 489 1058 530 ab
1080 488 1322 530 hominibus
1342 487 1492 530 indoc-

183 572 255 625 tis,
291 572 447 630 quippe
489 586 613 628 quam
644 583 946 628 supervacuam
979 566 1213 620 ducebant,
1248 566 1373 607 fuisse
1404 581 1492 607 era-

179 664 295 704 sam,
329 660 372 691 et
390 650 490 691 Act.
516 649 573 691 X.
606 647 677 690 30.
717 662 861 689 errore
891 646 960 688 vel
976 646 1140 688 incuria
1158 645 1319 687 factum
1342 655 1489 703 putat,

181 727 297 786 quod
323 739 441 770 vetus
475 728 686 786 Interpres
722 741 881 769 nomen
906 727 1068 784 jejunii
1098 725 1290 779 omittat,
1329 725 1426 782 quia
1447 725 1493 766 in

182 807 378 848 omnibus
419 806 591 848 Graecis
626 804 855 848 Codicibus
893 805 1120 847 invenitur.
1183 802 1376 846 Tandem
1410 801 1494 845 dis-

181 883 296 927 cedit
340 885 393 926 ab
440 886 676 943 Interprete
720 895 890 938 vetere,
931 884 1032 926 Act.
1074 881 1218 936 XXV,
1262 882 1306 925 6.
1350 882 1494 941 legens

179 979 268 1005 non
288 965 334 1006 οὐ
359 963 524 1012 πλείους
546 964 653 1005 ὀκτὼ
676 967 702 1017 ἤ
723 964 844 1015 δέκα,
876 960 950 1003 sed
973 963 1019 1004 οὗ
1039 961 1203 1010 πλείους
1229 965 1255 1015 ἤ
1284 961 1385 1004 δέκα
1406 959 1490 1018 (1),

180 1055 232 1082 ex
255 1041 404 1097 quibus
426 1040 533 1082 locis
556 1040 752 1094 efficitur,
772 1042 902 1097 justas
925 1039 1049 1081 fuisse
1074 1053 1261 1081 CALvmo
1283 1038 1493 1093 rationes,

181 1119 410 1178 Vulgatam
440 1117 725 1177 relinquendi.

239 1198 377 1240 Porro
412 1197 784 1240 animadvertimus
823 1212 1071 1253 cALvmum,
1103 1198 1148 1240 in
1178 1196 1263 1239 fide
1299 1196 1345 1240 S.
1368 1195 1497 1254 scrip-

180 1286 323 1318 torum
363 1275 519 1318 tuenda
565 1287 607 1319 et
651 1275 928 1331 vindicanda,
977 1286 1114 1318 totum
1154 1276 1244 1318 fere
1285 1290 1397 1329 esse,
1437 1274 1499 1316 ita

181 1354 375 1413 quidem,
409 1366 456 1397 ut
477 1356 522 1397 in
546 1356 712 1413 aequali
734 1356 1076 1397 testimoniorum
1099 1355 1374 1409 auctoritate,
1407 1354 1497 1395 imo

179 1434 417 1490 interdum,
458 1435 633 1477 testibus
671 1451 761 1476 non
800 1436 999 1492 paribus,
1036 1435 1105 1477 vel
1139 1435 1200 1477 sic
1243 1444 1385 1475 tamen
1422 1448 1497 1475 eos

180 1525 346 1556 secutus
368 1515 421 1555 sit
444 1513 648 1568 Codices,
682 1514 780 1570 qui,
816 1512 931 1569 quod
955 1513 1153 1555 tollendis
1176 1512 1497 1554 difficultatibus

182 1602 226 1634 et
253 1591 545 1634 defendendae
587 1592 632 1635 S.
672 1592 929 1650 scriptorum
969 1590 1069 1633 fidei
1106 1592 1335 1634 historicae
1368 1591 1497 1632 inser·

181 1670 270 1712 vire
294 1671 450 1728 possit,
473 1671 670 1713 offerant.
735 1671 799 1713 Ita
829 1668 942 1728 apud
967 1685 1134 1712 MATrn.
1154 1671 1188 1712 Ι.
1230 1686 1304 1724 11,
1336 1669 1499 1719 Ἰωσίας

183 1750 227 1793 δὲ
262 1749 452 1804 ἐγέννησε
488 1748 711 1790 inserenda
741 1749 917 1804 conjicit
945 1751 1017 1792 τὸν
1045 1749 1225 1804 Ἰακεὶμ,
1256 1749 1415 1803 Ἰακεὶμ
1450 1749 1496 1792 δὲ

181 1827 397 1883 ἐγέννησε,
434 1829 558 1885 »quia
589 1828 744 1869 citatur
778 1843 803 1869 a
834 1843 1033 1869 ROBERTO
1061 1843 1282 1871 STEPHANO
1308 1828 1496 1870 Graecus

182 1906 354 1961 Codex,
378 1907 423 1948 in
449 1922 532 1964 quo
557 1906 844 1964 interponitur
865 1922 1024 1948 nomen
1044 1907 1226 1949 JOACIM”
1245 1906 1324 1965 (2).
1360 1907 1495 1950 Unius

181 1986 325 2042 itaque
342 1985 512 2027 Codicis
532 1986 822 2027 testimonium
845 1985 1189 2042 amplectendum
1206 1987 1368 2028 censuit
1391 2002 1494 2044 prae

181 2064 413 2105 multorum
446 2064 723 2117 auctoritate,
759 2063 982 2119 quoniam,
1013 2063 1248 2106 secundum
1271 2065 1382 2105 hanc
1410 2064 1493 2106 lec-

183 2142 346 2183 tionem
385 2152 529 2200 posset
565 2157 649 2183 una
685 2157 708 2183 e
740 2141 1062 2198 quatuordecim
1092 2144 1314 2185 hominum
1351 2144 1492 2185 classi·

183 2220 282 2275 hus,
318 2221 468 2277 quibus
488 2236 617 2262 unum
637 2219 783 2263 deerat
798 2236 982 2276 nomen,
1012 2222 1215 2281 suppleri.
1256 2223 1320 2264 Ex
1335 2221 1490 2266 eodem

221 2459 275 2501 (l)
300 2460 353 2492 Ita
378 2471 486 2500 ΒΜΔ,
514 2471 706 2501 nsuron,
734 2472 886 2494 Rumon
912 2467 947 2494 et
972 2473 1005 2496 v.
1032 2474 1068 2498 n.
1095 2473 1184 2496 um
1209 2463 1251 2495 ad
1275 2463 1311 2496 h.
1338 2463 1363 2497 1.

222 2515 275 2559 (2)
299 2516 353 2548 Ita
367 2525 452 2547 un
473 2516 508 2548 in
526 2517 655 2550 duabus
676 2518 844 2561 prioribus
863 2519 1083 2554 editionibus.
1121 2522 1320 2560 Psscnon,
1345 2530 1496 2552 ananus

307 2572 351 2603 ad
381 2573 474 2604 Sect.
507 2573 562 2607 17.
611 2575 809 2607 Gmnsncu
841 2578 940 2618 putat
965 2576 1171 2609 additionem
1206 2587 1278 2609 esse
1304 2577 1345 2609 ad
1371 2579 1502 2610 textum

306 2630 502 2672 vulgarem,
529 2631 587 2665 sed
611 2633 722 2666 minus
749 2632 967 2677 probabilem.
994 2634 1040 2668 cs,
1069 2643 1212 2665 BothR
1239 2633 1263 2667 1.
1291 2644 1325 2667 ο.

1234 2702 1258 2749 ά
