1711 3047
742 234 822 275 113

117 375 194 417 »ab
211 377 297 431 ejus
314 372 570 432 praesentia,
594 382 718 430 atque
736 373 780 413 in
800 368 941 414 taedio
964 369 1249 412 collaberetur
1268 384 1418 412 eorum

119 452 291 496 »fides.’'
353 452 468 494 Alibi
495 466 713 493 cmus‘rmvt
743 465 767 492 a
793 463 930 491 PETRO
957 449 1307 507 cognominatum
1331 463 1420 491 esse

119 530 384 572 Nazarenum
410 531 505 572 Act.
529 531 611 584 III,
636 529 701 583 6.‚
727 539 775 570 ut
806 527 988 582 indicet,
1018 543 1152 569 JESUM
1178 527 1318 581 illum,
1352 527 1425 585 qui

122 619 214 650 erat
247 608 495 663 crucifixus,
535 618 578 650 et
613 609 728 663 cujus
765 621 925 648 nomen
956 606 1247 648 contemtibile
1281 621 1331 646 ac
1363 605 1424 650 in-

118 686 300 745 glorium
333 696 450 740 erat,
486 701 573 728 esse
601 696 742 728 tamen
768 699 972 739 MEssuM,
995 699 1020 727 a
1038 699 1122 726 nno
1142 684 1421 742 promissum,

121 764 243 822 eique
277 764 418 806 datam
443 780 532 807 csse
564 778 737 806 omnem
765 779 788 806 a
820 763 947 805 Patre
980 772 1235 821 potestatem
1254 760 1342 819 (1);
1381 771 1426 804 et

120 857 319 885 ANANIAM
335 843 474 885 subito
491 853 706 884 mortuum
720 857 808 884 esse
821 843 920 884 Act.
931 840 987 896 V,
1005 840 1045 884 5.
1057 873 1069 896 ,
1086 851 1132 882 ut
1149 841 1270 882 unius
1285 855 1428 899 poena

122 931 285 963 metum
313 921 486 978 reliquis
514 921 725 963 incuteret
756 931 881 979 atque
919 920 965 962 hi
999 920 1195 979 religiose
1225 921 1281 962 ab
1308 920 1427 962 omni

119 998 294 1042 fictione
328 1001 603 1042 abstinerent.
666 998 858 1041 Tandem
889 999 988 1057 quia
1020 1014 1110 1040 non
1145 999 1271 1040 facile
1302 1008 1422 1051 erat,

120 1085 281 1117 tantam
306 1076 548 1133 superbiam
575 1076 774 1129 domare,
800 1086 889 1117 tam
913 1076 1079 1118 feroces
1104 1076 1307 1134 impetus,
1338 1086 1426 1117 tam

116 1168 299 1195 coecum
330 1153 450 1211 pravi
476 1153 557 1196 zeli
581 1153 792 1196 fervorem
817 1153 987 1208 sedare,
1016 1155 1116 1198 Act.
1147 1155 1230 1208 IX,
1265 1153 1307 1198 3.
1340 1153 1427 1196 hoc

119 1248 216 1275 usus
256 1243 320 1274 est
359 1247 563 1275 cnmsrus
604 1232 828 1275 tremendo
869 1233 1097 1289 majestatis
1133 1247 1232 1274 suae
1271 1232 1393 1290 signo
1413 1264 1426 1286 ,

122 1327 207 1370 quo
245 1312 420 1354 sentiret
461 1326 648 1366 PAULUS,
695 1327 794 1354 cum
830 1327 915 1354 nno
954 1312 1070 1370 ipso,
1113 1311 1288 1353 minime
1324 1325 1429 1353 vero

125 1405 222 1432 cum
266 1390 441 1431 homine
476 1389 647 1431 mortali
683 1390 765 1431 sibi
800 1405 889 1432 esse
924 1390 1160 1449 negotium.
1223 1391 1430 1433 Universc

122 1468 251 1527 igitur
265 1468 539 1510 scribentium
555 1499 567 1522 ,
591 1466 844 1523 dicentium,
872 1468 1087 1527 agentium
1115 1479 1301 1511 mentem
1320 1470 1431 1512 bene

122 1546 512 1605 comprehendisse,
552 1562 756 1604 eorumqe
795 1546 973 1589 consilia
1008 1557 1126 1590 recte
1161 1548 1427 1606 exposuisse,

121 1625 354 1668 censendus
389 1637 451 1669 est
481 1642 702 1670 CALVINUS.
1462 1613 1466 1615 >

182 1703 488 1747 Verumtamen
516 1721 605 1748 non
644 1706 698 1748 ab
731 1707 849 1748 omni
881 1718 1027 1749 errore
1056 1708 1103 1749 in
1133 1708 1250 1749 hisce
1280 1706 1433 1748 immu-

122 1783 186 1824 nis
208 1783 299 1825 fuit.
345 1783 455 1825 Nam
474 1782 675 1838 subinde,
695 1795 863 1842 practer
882 1788 1065 1827 auctoris
1086 1796 1294 1837 mentem,
1315 1785 1434 1827 varia

120 1861 245 1903 simul
275 1861 338 1903 illi
376 1862 526 1904 tribuit
557 1862 734 1905 consilia
772 1858 886 1906 e.'c.
923 1878 1022 1906 Luc.
1056 1864 1158 1919 XII,
1196 1866 1260 1916 14.
1292 1864 1355 1914 τίς
1380 1881 1430 1919 με

120 1941 333 1996 κατέστησε
363 1941 558 1995 δικαστὴν
586 1946 613 1996 ἥ
637 1945 829 1998 μεριστὴν
858 1942 920 1997 ἐφ’
947 1945 1051 1997 ὑμᾶς
1059 1958 1077 1996 ;
1108 1943 1321 2001 »Rogatus
1352 1942 1432 1984 do-

120 2019 311 2073 »minus,
345 2029 394 2060 ut
417 2020 637 2062 arbitrium
663 2021 862 2077 suscipiat
892 2020 1077 2062 familiae
1100 2020 1426 2075 herciscundae,

122 2097 233 2139 »hoc
259 2096 400 2140 facere
431 2098 583 2140 renuit.
619 2121 674 2131 —
703 2097 894 2140 Primum
925 2114 1074 2141 cavere
1102 2098 1262 2153 voluit,
1294 2114 1429 2156 quum

120 2175 228 2217 »sibi
266 2174 413 2216 Judaei
447 2186 662 2218 terrenum
690 2175 898 2235 fingerent
925 2176 1104 2219 Messiae
1133 2193 1336 2235 regnum,
1371 2193 1427 2220 ne

122 2268 234 2311 ›gquo
272 2254 468 2312 exemplo
502 2270 692 2297 errorem
727 2255 846 2297 illum
881 2255 1027 2298 aleret.
1090 2255 1257 2298 Deinde
1294 2256 1430 2298 voluit

122 2333 276 2374 »etiam
314 2333 523 2374 Dominus
554 2333 666 2375 inter
695 2333 874 2392 politica
907 2334 1027 2391 hujus
1063 2333 1210 2376 mundi
1248 2335 1429 2393 imperia

123 2420 195 2451 »et
238 2410 456 2453 Ecclesiae
503 2427 602 2454 suae
641 2412 830 2471 regimen
872 2410 1140 2467 discernere3
1182 2424 1273 2456 erat
1311 2414 1427 2455 enim

124 2498 316 2530 »creatus
339 2503 363 2529 a
382 2488 507 2531 Patre
532 2488 709 2545 doctor,
739 2491 809 2548 qui
832 2491 950 2533 verbi
970 2491 1112 2550 gladio
1132 2502 1293 2534 secaret
1316 2494 1428 2550 cogi-

164 2654 218 2697 (l)
243 2654 293 2687 Cr.
322 2665 473 2687 numum.
499 2656 538 2688 ad
566 2657 642 2692 Act.
671 2658 730 2698 11,
757 2659 812 2690 22.

1178 2728 1198 2765 CC
