1711 3047
818 171 898 213 106

210 312 533 359 »celebrandum
563 312 739 371 delegit,
770 310 885 369 quod
915 312 958 351 in
985 312 1135 352 itinere
1165 310 1325 352 editum
1349 314 1506 364 fuerat,

209 404 276 436 »et
314 395 430 449 cujus
463 393 575 434 fama
610 391 795 450 dispersa
834 402 973 432 terrae
1010 389 1121 431 illius
1158 390 1319 431 incolas
1354 389 1508 446 passim

207 473 454 526 »excitavit,
489 482 536 513 ut
565 471 705 530 plures
735 486 918 512 cmusro
948 467 1157 511 sanandos
1180 468 1405 510 offerrent”
1426 468 1504 525 (1).

267 551 351 592 Ubi
376 567 401 592 a
425 550 590 592 duobus
606 549 880 613 Evangelistis
907 548 1043 589 oratio
1070 546 1243 589 diversis
1267 533 1509 588 hominibus

207 629 481 683 adscribitur,
498 631 579 670 hac
593 631 756 670 ratione
777 628 1102 685 discrepantiam
1118 626 1250 679 tollit,
1269 635 1315 666 ut
1334 636 1404 666 aut
1418 640 1509 666 mo-

208 719 325 761 neat,
344 723 473 749 unum
494 707 686 748 locutum
705 722 814 758 esse,
838 707 1027 747 onmium
1047 705 1242 758 nomine,
1265 702 1353 745 vid.
1374 717 1506 744 MARc.

205 785 287 840 XI,
304 802 376 828 21.
401 786 502 828 coll.
523 801 620 827 cum
641 801 806 828 MAr'rfl.
828 785 951 839 XXI,
978 800 1057 826 20:
1091 794 1162 826 aut
1179 782 1387 841 significet
1401 813 1413 836 ,
1435 797 1512 839 per

206 864 504 923 synecdochen
517 864 704 922 pluribus
715 864 857 918 tribui,
872 863 986 921 quod
1003 863 1074 905 uni
1090 873 1152 905 est
1169 863 1406 921 proprium,
1419 860 1507 902 vid.

207 958 305 985 Luc.
318 943 481 996 XXIII,
508 957 579 998 29.
599 943 673 984 ubi
691 942 744 984 de
763 958 850 984 uno
870 942 1035 984 latrone
1048 974 1059 995 ,
1087 952 1130 983 et
1153 956 1318 983 MATTH.
1333 938 1510 992 XXVII,

208 1024 303 1075 44,
335 1036 469 1063 MARc.
490 1020 592 1074 XV,
624 1020 695 1063 32.
719 1021 794 1062 ubi
819 1020 872 1062 de
899 1020 1152 1073 latronibus,
1190 1020 1235 1060 in
1259 1018 1409 1076 plurali
1434 1032 1510 1058 nu-

209 1115 355 1153 mero,
380 1114 519 1141 sermo
539 1107 621 1140 est:
657 1113 773 1139 »non
802 1098 915 1139 enim
942 1098 1011 1139 hic
1041 1097 1094 1139 de
1124 1096 1294 1154 singulis
1323 1094 1513 1152 personis

207 1178 281 1220 »fit
300 1178 485 1230 mentio,
510 1176 583 1218 sed
602 1175 655 1217 de
672 1176 764 1233 ipso
784 1175 961 1232 genere’⁷
988 1175 1064 1231 (2).
1126 1172 1316 1214 Subinde
1346 1173 1398 1212 ab
1425 1186 1512 1213 uno

208 1267 350 1299 ortum
385 1271 473 1298 esse
507 1268 749 1297 sermonem
781 1253 950 1305 statuit,
990 1250 1143 1292 deinde
1176 1251 1290 1291 hunc
1322 1248 1376 1290 ad
1410 1248 1514 1290 alios

209 1335 418 1378 transiisse
430 1367 441 1388 ,
462 1344 589 1390 atque
607 1333 666 1374 ita
687 1331 926 1373 consentire
944 1329 1048 1371 dicit
1066 1343 1336 1371 MATTHAEUM
1350 1327 1424 1380 IX,
1444 1329 1510 1378 14.

212 1415 282 1472 qui
311 1412 364 1455 de
390 1412 624 1470 discipulis,
658 1426 754 1452 cum
783 1411 893 1450 Luc&
914 1407 976 1462 V,
1006 1406 1077 1450 35.
1103 1407 1174 1463 qui
1197 1406 1250 1448 de
1281 1405 1514 1447 Pharisaeis

211 1493 337 1546 dicit,
376 1502 419 1533 et
446 1507 543 1533 cum
578 1504 726 1532 MARCO
749 1489 813 1543 Il,
854 1488 921 1531 13.
949 1488 1019 1544 qui
1049 1497 1251 1542 utrosque
1281 1484 1513 1542 conjungit.

211 1571 445 1630 Componit
471 1585 603 1628 porro
634 1584 798 1610 MATTH.
815 1567 921 1620 XII,
946 1581 985 1608 2.
1014 1576 1057 1608 et
1085 1580 1217 1607 MARc.
1240 1565 1300 1618 II,
1318 1566 1412 1616 24„
1444 1563 1516 1619 qui

212 1651 427 1706 objectum
444 1649 632 1690 Domino
654 1648 814 1689 crimen
830 1647 1042 1698 referunt,
1078 1660 1176 1686 cum
1208 1658 1309 1684 LUC.
1330 1641 1416 1694 VI,
1452 1656 1515 1694 2.,

211 1729 282 1785 qui
307 1727 522 1785 discipulis
541 1725 648 1768 illud
669 1726 887 1781 objectum
903 1723 1052 1776 tradit,
1067 1747 1121 1756 -
1142 1736 1305 1763 ΜΑΤΤΗ.
1318 1720 1423 1773 XII,
1442 1722 1514 1776 47.

211 1807 281 1865 qui
303 1807 496 1847 nuntium
517 1804 570 1845 de
599 1818 770 1845 suorum
793 1811 1071 1859 cognatorum
1094 1799 1276 1840 adventu
1297 1799 1391 1850 uni,
1415 1812 1514 1838 cum

212 1901 345 1928 MARG.
378 1885 461 1936 III,
495 1883 566 1924 32.
599 1892 642 1923 et
675 1895 773 1922 LUC.
805 1879 932 1932 VIII,
967 1894 1041 1931 20,
1077 1878 1148 1934 qui
1181 1876 1368 1934 pluribus
1396 1875 1515 1916 illum

211 1965 425 2015 tribuunt,
444 1963 505 2003 uti
523 1971 565 2002 et
587 1973 879 2010 MATTHAEUM,
903 1957 972 2013 qui
991 1957 1094 2012 Cap.
1113 1955 1216 2007 XX,
1236 1968 1325 2006 2o.,
1341 1967 1518 1993 uxorem

212 2056 419 2085 ZEBEDAEI
432 2073 443 2094 ,
466 2055 563 2082 cum
581 2053 726 2080 MARCO
742 2069 754 2091 ,
777 2037 847 2094 qui
867 2036 970 2093 Cap.
989 2035 1050 2088 X,
1069 2033 1160 2087 35„
1184 2033 1296 2090 ipsos
1314 2030 1422 2072 filios
1449 2044 1517 2071 ro-

213 2132 357 2181 gantes
375 2119 538 2162 inducit
559 2118 619 2176 (3)
635 2150 646 2171 ,
670 2142 722 2150 -
746 2127 788 2158 et
804 2130 987 2159 MARCUM
1002 2112 1097 2166 XV,
1119 2111 1212 2166 36„
1239 2110 1516 2162 scribentem,

253 2392 307 2436 (1)
336 2392 543 2432 Interpretes
568 2387 648 2418 boui
682 2386 832 2426 quique,
870 2383 952 2414 licet
984 2391 1096 2412 omnes
1125 2380 1241 2412 eadem
1274 2377 1402 2409 narrari
1438 2376 1526 2419 apud

335 2450 516 2485 utrumque
543 2442 786 2483 Evangelistam
815 2442 959 2482 putent,
987 2438 1040 2468 vel
1066 2437 1115 2468 sic
1140 2439 1251 2467 tamen
1277 2435 1364 2466 hane
1392 2433 1522 2465 discre-

338 2504 471 2546 pantiae
495 2500 639 2543 speciem
665 2498 800 2529 silentio
825 2497 1013 2527 transeunt.

258 2561 311 2602 (2)
335 2561 396 2592 Cff.
425 2569 531 2596 ΒΕΖΑ,
560 2565 750 2593 rrscnon,
779 2563 929 2584 ano-nus
955 2554 991 2582 et
1020 2558 1170 2581 Rumon
1195 2547 1236 2578 ad
1260 2546 1296 2579 h.
1323 2547 1346 2578 Ι.

257 2619 309 2658 (3)
333 2618 394 2648 Cff.
422 2624 591 2652 cao-nus,
620 2621 771 2643 xulnozr.
796 2612 832 2641 et
857 2620 887 2639 v.
916 2620 949 2639 n.
978 2616 1065 2638 um
1089 2605 1130 2637 ad
1155 2604 1191 2636 Ιι.
1217 2604 1241 2634 Ι.
