1711 3047
803 174 823 216 7

151 320 443 383 Apostolorum
490 319 673 376 primum
718 317 838 375 prelo
881 316 1090 359 submisit.
1172 317 1299 358 Anno
1342 317 1457 358 enim

152 399 316 441 MDLII
351 397 545 439 Genevae
579 411 746 438 sacrum
781 396 895 436 hunc
932 395 1035 437 fecit
1071 410 1330 438 cmusrnfflo
1364 395 1453 449 ΙΙΙ,

152 478 312 520 Daniae
352 477 466 535 regi,
514 479 685 533 ejusque
730 473 840 527 filio,
885 476 1000 530 cujus
1042 475 1151 532 regis
1189 490 1237 516 ea
1280 490 1367 516 esse
1402 473 1457 516 ad

153 554 406 598 audiendam
467 556 546 597 Dei
601 569 748 596 vocem
813 551 1034 594 dicebatur
1095 553 1295 607 attentio,
1349 568 1457 609 quae

153 634 242 676 aliis
271 634 479 692 singulare
508 632 730 674 alacritatis
756 631 995 688 exemplum
1023 646 1110 673 esse
1134 642 1290 688 posset.
1345 632 1456 673 Dein

151 729 254 755 vero
291 728 402 755 anuo
437 712 600 753 MDLX
625 710 851 752 secundam
875 710 1034 751 curavit
1055 709 1307 764 editionem,
1333 724 1460 766 quam

153 792 451 833 illusstrissimo
486 790 669 849 principi
702 805 745 832 D.
781 790 968 831 NlCOLao
1007 803 1235 842 RADZIVIL,
1277 788 1385 829 Duci
1416 789 1461 829 in

153 870 277 911 Olika
305 880 388 911 etc.
422 869 577 910 dicavit
602 868 680 925 (ι).
746 868 883 909 Porro
911 868 1240 912 commentarios
1266 867 1311 908 in
1336 866 1459 907 Joan-

154 952 281 989 neum
320 946 592 1003 Evangelium
635 947 862 1002 separatim
910 944 1045 986 edidit
1090 960 1203 986 anno
1249 944 1458 998 MDLIII,

154 1040 259 1083 quos
291 1024 447 1066 obtulit
472 1022 656 1082 syndicis
686 1023 931 1080 senatuique
957 1023 1207 1065 Genevensi.
1268 1023 1463 1080 Denique

154 1103 449 1146 commentarii
475 1104 518 1144 in
543 1102 837 1156 harmoniam,
873 1118 925 1144 ex
949 1103 1192 1156 Matthaeo,
1233 1102 1383 1144 Marco
1420 1112 1464 1144 et

155 1183 269 1225 Luca
310 1183 612 1241 compositam,
651 1193 694 1224 et
727 1182 967 1224 consulibus
998 1182 1243 1239 senatuique
1281 1181 1465 1239 inclytae

157 1262 272 1304 urbis
307 1260 607 1303 Francfordiae
638 1259 790 1315 dicati,
825 1261 869 1302 in
900 1250 1052 1302 lucem*
1069 1259 1320 1319 prodierunt
1351 1275 1463 1301 anno

156 1340 333 1382 MDLV.

214 1419 284 1460 Ad
305 1429 512 1461 maturam
528 1420 655 1477 igitur
666 1420 753 1475 jam
774 1428 953 1459 aetatem
967 1427 1221 1476 pervenerat
1238 1432 1462 1470 CALvmth,

155 1514 287 1540 annos
317 1499 473 1555 quippe
504 1496 779 1554 quadraginta
809 1507 851 1537 et
882 1495 998 1552 quod
1026 1496 1209 1537 excurrit
1233 1495 1294 1553 (2)
1325 1505 1465 1549 natus,

156 1591 284 1632 quum
319 1575 369 1617 ad
407 1573 595 1616 edendos
633 1575 712 1615 hos
747 1574 1076 1615 commentarios
1113 1589 1158 1615 se
1196 1574 1462 1632 accingeret,

156 1664 280 1711 atque
311 1652 418 1695 adeo
451 1669 529 1711 per
558 1653 729 1711 longam
763 1668 971 1693 annorum
1002 1652 1153 1693 seriem
1182 1667 1269 1693 non
1300 1661 1468 1692 tantum

154 1732 286 1773 libros
315 1747 349 1774 s.
382 1732 582 1773 continua
605 1731 791 1772 lectione
816 1741 859 1772 et
881 1729 1158 1772 meditatione
1181 1740 1459 1784 tractaverat3

153 1826 302 1852 verum
335 1811 462 1852 etiam
495 1809 548 1852 de
572 1809 713 1851 multis
742 1825 891 1851 eorum
921 1809 1028 1851 locis
1056 1809 1225 1867 publice
1249 1818 1340 1851 erat
1364 1824 1465 1850 con·

157 1889 371 1943 donatus,
416 1904 593 1946 eosque,
639 1899 687 1930 ut
733 1888 974 1947 theologiae
1030 1888 1267 1946 professor,
1318 1903 1465 1929 coram

157 1983 310 2027 magna
340 1967 647 2026 discipulorum
665 1968 787 2009 turba
801 1978 1068 2025 exposuerat.
1108 1968 1321 2009 Exhibent
1337 1968 1466 2026 igitur

131 2039 201 2086 'hi
236 2047 530 2088 commentarii
564 2047 778 2104 cogitata,
812 2061 900 2086 non
925 2046 1089 2100 juvenis
1121 2044 1362 2101 cujusdam,
1395 2045 1468 2102 qui

158 2138 307 2181 parum
335 2123 474 2165 adhuc
506 2124 756 2166 exercitatus
783 2133 826 2165 et
853 2123 998 2182 pingui
1019 2124 1232 2178 Minerva,
1260 2134 1306 2165 ut
1330 2126 1466 2180 ajunt,

158 2217 308 2260 agens,
333 2202 508 2258 juvenili
537 2201 714 2256 ardore,
745 2203 991 2260 phantasiae
1011 2203 1053 2244 vi
1081 2213 1123 2244 et
1148 2202 1278 2245 semel
1305 2218 1469 2262 suscep—

199 2440 253 2484 (l)
279 2441 440 2479 Causam,
467 2450 530 2471 cur
551 2450 673 2472 nomen
694 2440 897 2477 mutaverit,
923 2439 958 2471 in
985 2438 1196 2480 quorundam
1219 2439 1476 2483 importunitate

285 2496 510 2536 quaerendam
537 2506 632 2534 esse,
660 2496 730 2538 ipse
753 2496 801 2527 ait
828 2496 863 2527 in
888 2496 1058 2538 Epistolae
1085 2496 1314 2529 dedicatoriae
1338 2497 1452 2531 initio.

204 2552 255 2594 (2)
280 2553 384 2584 Natus
411 2555 463 2584 est
487 2562 640 2584 sommas
669 2561 858 2591 cunnus,
894 2551 1100 2584 Novioduni
1124 2551 1278 2596 (Noijon)
1304 2550 1340 2584 in
1367 2553 1476 2585 Gallia

290 2608 332 2640 10
355 2609 439 2640 Julii
463 2608 541 2640 anni
569 2609 669 2641 1509.
720 2609 772 2642 Cf.
804 2618 910 2647 nnn,
939 2608 977 2640 In
1001 2608 1084 2641 vita.
