1711 3047
791 168 845 209 79

176 324 298 352 »srus
326 308 572 366 sacrilegam
597 306 713 350 illam
740 319 984 348 zAcuAMAE
1008 305 1311 364 lapidationem
1333 318 1478 363 notet,

171 409 194 426 aa
207 402 315 446 quae
340 386 575 440 invenitur,
609 401 634 427 2
672 386 833 427 Chron.
859 383 1025 437 XXIV,
1050 385 1127 426 22'’
1151 385 1226 443 (1).
1287 385 1478 429 Tandem

173 468 248 508 sua
287 465 492 508 versionis
525 463 834 506 Alexandrinae
869 463 1046 518 notitia,
1083 464 1239 506 collata
1275 465 1346 507 illa
1380 481 1479 507 cum

173 555 292 587 textu
331 545 590 602 archetypo,
635 542 995 602 praepositionem
1041 544 1123 586 ἀπὸ
1160 544 1258 586 Act.
1300 544 1361 598 II,
1411 560 1476 603 17.

173 623 391 666 abundare
422 622 565 666 docet.

232 702 283 744 In
305 700 561 760 explicandis
585 701 768 742 maxime
793 699 928 742 effatis
956 715 980 742 e
1003 699 1059 743 V.
1078 699 1131 743 Τ.
1162 699 1366 755 laudatis,
1392 701 1479 758 qui-

171 781 249 823 bus
280 779 423 822 addita
452 790 514 822 est
545 779 730 821 formula
759 780 832 823 ἵνα
857 779 1055 835 πληρωθῇ
1079 779 1212 822 aliave
1243 778 1474 835 ejusmodi,

172 875 326 919 magna
350 860 476 901 etiam
501 868 597 900 sunt
623 872 798 900 cALvlm
828 858 995 900 merita.
1060 858 1167 899 Cum
1194 859 1307 900 enim
1334 858 1476 913 multi,

174 953 307 980 coeco
334 952 413 994 pro
438 937 483 979 S.
518 937 774 994 scriptorum
809 935 1012 995 dignitate
1043 935 1160 978 ducti
1186 936 1363 990 ardore,
1395 938 1477 979 sin-

173 1015 289 1072 gulas
315 1014 578 1054 laudationes
603 1015 916 1071 complementa
940 1013 1121 1055 dixerint
1148 1029 1290 1056 earum
1312 1030 1474 1069 rerum,

172 1106 278 1149 quae
309 1091 354 1131 in
391 1090 444 1132 V.
478 1089 529 1133 T.
566 1090 786 1148 praedicta
822 1101 999 1148 putent,
1035 1090 1106 1132 alii
1135 1092 1377 1150 oppositam
1410 1093 1475 1134 in-

174 1170 304 1229 gressi
332 1170 472 1224 viam,
506 1170 638 1211 verba
668 1181 832 1212 tantum
852 1169 905 1212 V.
925 1171 978 1213 T.
1002 1170 1046 1211 in
1071 1186 1193 1212 suum
1220 1186 1342 1213 usum
1375 1187 1476 1214 con-

170 1263 291 1290 versa
319 1263 408 1290 esse
439 1263 464 1289 a
487 1247 531 1291 S.
553 1249 830 1305 scriptoribus
853 1258 1060 1302 statuant,
1099 1264 1184 1306 quo
1213 1250 1376 1291 facilius
1395 1250 1475 1292 sibi

167 1327 213 1368 in
233 1327 504 1385 popularium
534 1327 696 1367 animos
730 1327 944 1384 aperirent
973 1326 1157 1380 aditum,
1188 1342 1399 1370 canvmus
1429 1329 1475 1370 in

168 1403 311 1447 medio
337 1405 460 1446 sitam
493 1419 581 1446 esse
609 1404 832 1446 veritatem
857 1404 1100 1447 declaravit.
1163 1405 1286 1448 »Hoc
1307 1418 1476 1465 semper

166 1481 505 1525 »observandum
544 1498 633 1525 esse
667 1482 795 1536 dixit,
834 1484 999 1540 quoties
1031 1483 1204 1540 aliquod
1236 1485 1471 1543 scripturae

165 1561 478 1604 „testimonium
500 1560 678 1602 laudant
702 1561 924 1619 Apostoli,
959 1563 1149 1619 quamvis
1170 1578 1258 1605 non
1288 1562 1470 1606 reddant

163 1640 367 1682 „verbum
401 1654 453 1681 ex
482 1639 640 1694 verbo,
676 1640 765 1681 imo
799 1639 1011 1682 interdum
1051 1641 1178 1701 longe
1213 1640 1460 1698 discedant,

162 1729 480 1777 »congruenter
509 1723 654 1760 tamen
693 1729 736 1761 et
771 1719 964 1777 apposite
1000 1720 1052 1761 ab
1086 1720 1168 1761 illis
1204 1720 1258 1762 ad
1297 1737 1466 1765 causam

159 1796 549 1839 „accommodam”
608 1797 673 1838 Ita
700 1802 885 1854 primum
915 1813 1082 1841 MATTH.
1119 1799 1269 1853 XXII,
1309 1799 1380 1852 43.
1404 1800 1465 1859 (2)

159 1875 313 1933 partim
339 1875 466 1916 etiam
491 1889 657 1917 MATTH.
688 1874 770 1930 IV,
800 1878 867 1927 14.
891 1876 1067 1934 impieta
1092 1877 1237 1919 stricte
1262 1879 1323 1920 sic
1351 1878 1466 1921 dicta

158 1954 357 1996 vaticinia
386 1954 544 1997 statuit.
608 1955 774 1996 Deinde
805 1955 850 1996 in
877 1954 1068 2012 plurimis
1097 1956 1303 2012 ejusmodi
1336 1973 1465 2000 enun-

159 2032 280 2074 ciatis
299 2031 477 2072 indicari
500 2031 770 2073 solummodo
799 2031 948 2074 docuit
969 2048 1057 2086 res,
1090 2049 1266 2090 quarum
1294 2036 1463 2078 umbras

159 2110 238 2152 sub
266 2109 313 2152 V.
335 2110 386 2152 T.
413 2109 607 2151 viderant
634 2121 750 2152 vates
777 2110 970 2169 adeoque
991 2112 1178 2170 typicam
1204 2128 1292 2155 esse
1313 2129 1462 2157 eorum

157 2189 399 2231 rationem:
470 2190 648 2231 ΜΑΤΤΗ.
685 2189 758 2244 Π,
803 2189 875 2232 23.
919 2189 996 2248 (3).
1029 2190 1217 2244 XXVII,
1260 2190 1332 2235 35.
1386 2191 1462 2250 (4).

194 2419 246 2463 (l)
269 2422 331 2454 eff.
349 2432 455 2461 razn,
485 2433 656 2464 exortus,
675 2434 851 2464 Rumon,
869 2435 902 2459 v.
919 2437 954 2458 1).
971 2436 1060 2458 rum
1076 2429 1111 2460 et
1133 2438 1319 2460 nuzscn
1335 2428 1376 2462 ad
1389 2429 1424 2462 h.
1440 2429 1465 2462 l.

195 2475 248 2519 (2)
272 2478 334 2508 Cff.
360 2487 514 2510 Rumon.
538 2484 574 2511 et
602 2491 799 2514 otsumsm«
822 2482 864 2513 ad
887 2482 924 2515 h.
949 2483 976 2516 l.

193 2534 247 2576 (3)
275 2534 327 2567 Cf.
354 2544 438 2566 ΒΗΑ
463 2534 504 2567 ad
527 2536 562 2570 h.
590 2537 616 2570 l.

197 2589 250 2633 (4)
275 2591 330 2623 Css'
363 2602 472 2633 maza,
500 2603 674 2634 onorius,
703 2604 856 2627 xnmom.
881 2598 916 2627 et
941 2605 1127 2628 rnxrzscmz
1152 2595 1192 2628 ad
1217 2595 1252 2628 h.
1276 2596 1303 2629 l.
