1711 3047
932 174 989 218 68

319 321 435 372 ioco,
469 318 538 359 ubi
566 317 738 375 proprie
765 315 808 357 id
830 315 1000 369 dicitur,
1031 315 1276 372 illustratur,
1306 331 1403 360 mm.
1423 318 1504 373 XI,
1529 332 1608 362 203

316 400 350 439 εἰ
375 397 418 439 δὲ
448 397 525 449 ἐγὼ
555 400 599 440 ἐν
630 396 817 451 δακτύλῳ
838 398 933 437 θεοῦ
953 391 1134 452 ἐκβάλλω
1152 398 1201 438 τὰ
1219 397 1423 452 δαιμόνια.
1457 408 1611 439 »meta-

312 476 517 533 »phorice
549 475 624 532 dig
599 480 725 516 <ritum
749 475 872 532 ponit
897 489 974 531 pro
994 475 1175 530 Spirz'tu:
1195 491 1293 517 nam
1317 476 1412 533 quia
1427 492 1503 534 per
1522 476 1613 534 Spi-

309 554 461 594 »ritum
484 570 603 595 suum
626 563 824 611 operatur
846 566 972 604 DEUS,
999 552 1279 609 viltutemque
1300 570 1416 595 suam
1440 548 1611 608 exserit,

311 642 434 688 »apte
451 631 513 672 illi
535 631 734 672 tribuitur
755 630 874 689 digiti
896 645 1067 671 nomen.
1128 630 1193 670 Ita
1218 645 1347 672 mosiis
1370 647 1611 674 PHARAoms

309 709 480 765 »Magis
513 708 640 748 dixit:
675 707 743 748 llio
777 716 842 749 est
873 708 1030 765 digitus
1056 706 1260 765 DE1’'(1);
1294 722 1415 750 JOAN.
1437 709 1520 762 VI,
1555 709 1609 751 65

309 789 381 829 ἐὰν
407 789 459 839 μὴ
489 783 513 841 ᾖ
542 785 758 839 δεδομένον
799 786 910 840 οὲυτῷ
945 788 989 828 ἐκ
1024 790 1095 828 τοῦ
1128 790 1278 841 πατρὸς
1318 804 1396 841 μου
1425 786 1614 828 donandi

305 863 437 905 verbo
469 862 670 916 illustrat,
707 861 823 919 quod
857 873 959 905 sect.
980 865 1050 914 44.
1070 863 1302 917 invenitur,
1341 863 1509 905 trahere
1533 863 1611 922 (2).

307 941 502 982 Aliorum
535 941 905 998 interpretationes
945 941 973 983 l.
1012 958 1057 999 p.
1096 957 1179 1000 ope
1220 942 1397 997 refutat,
1436 958 1613 1000 suasque

309 1018 534 1061 confirmat
550 1049 561 1071 ,
595 1019 692 1059 Act.
718 1018 875 1073 XXIV,
894 1034 962 1060 20.
990 1021 1056 1062 ἐπὶ
1079 1023 1148 1063 τοῦ
1174 1021 1380 1076 συνεδρίου
1411 1020 1610 1061 Emsms

309 1107 352 1139 et
390 1105 504 1138 vetus
538 1102 765 1153 interpres,
800 1095 853 1138 de
893 1112 1094 1139 concessu
1131 1097 1332 1155 praesidis
1372 1108 1607 1155 exponunt,

309 1173 424 1230 quod
446 1189 629 1215 CALVINO
650 1173 831 1214 alienum
847 1173 1016 1214 videtur
1035 1190 1059 1214 a
1077 1185 1220 1215 mente
1243 1190 1387 1216 PAum.
1449 1175 1612 1216 »Sentit

307 1272 324 1289 »
337 1252 449 1293 enim
475 1267 518 1293 se
541 1251 586 1292 in
607 1251 777 1292 illorum
798 1250 996 1309 synedrio
1016 1251 1140 1293 fuisse
1159 1262 1351 1310 paratum
1370 1251 1611 1295 reddendae

308 1329 526 1372 »omnium
548 1329 723 1371 rationi:
757 1339 858 1370 tunc
882 1339 1021 1370 autem
1043 1330 1148 1373 nihil
1171 1330 1296 1372 fuisse
1320 1331 1372 1371 ab
1390 1330 1441 1371 iis
1463 1331 1611 1389 cogni-

308 1419 450 1462 »tum,
490 1407 604 1465 quod
636 1408 848 1449 criminari
880 1418 1058 1464 queant,
1095 1409 1191 1465 quia
1227 1407 1280 1449 ad
1309 1424 1436 1450 unam
1470 1409 1610 1451 solum

308 1502 485 1529 »vocem
510 1486 805 1539 efferbuerint,
824 1502 955 1543 quum
977 1485 1081 1528 dixit
1098 1484 1150 1528 de
1171 1487 1479 1529 resurrectione
1496 1502 1610 1528 mor·

309 1586 325 1602 υ
337 1576 506 1606 tuorum
536 1580 579 1606 se
602 1563 805 1619 judicari’'
835 1563 912 1622 (3).

367 1644 430 1683 Ex
455 1642 577 1683 dictis
599 1653 735 1700 patet,
767 1658 1011 1697 CALVINUM,
1028 1643 1113 1684 hoc
1134 1642 1390 1685 adminiculo
1412 1642 1471 1685 ita
1490 1658 1611 1684 usum

308 1736 418 1774 esse,
446 1731 492 1761 ut
518 1721 614 1761 loca
638 1720 839 1776 parallela
865 1720 1023 1763 derivet
1049 1737 1097 1764 ex
1124 1721 1246 1763 dictis
1273 1721 1459 1778 ejusdem
1482 1723 1611 1779 scrip-

311 1799 415 1840 toris
451 1813 777 1854 sermonumque
814 1799 1024 1852 auctoris,
1068 1809 1158 1840 tum
1192 1798 1363 1852 eadem,
1405 1809 1495 1839 tum
1530 1798 1611 1839 alia

309 1877 629 1935 opportunitate
665 1877 968 1934 pronuntiatis3
1019 1876 1116 1918 dein
1160 1887 1342 1918 transeat
1372 1875 1426 1917 ad
1462 1891 1612 1933 aequa-

307 1958 389 2010 les,
407 1955 658 2013 Apostolos,
679 1955 985 2011 Evangelistas;
1013 1954 1185 1996 tandem
1201 1953 1254 1995 ad
1272 1954 1457 2010 reliquos
1472 1953 1612 2011 Scrip-

308 2047 426 2078 tores
450 2050 481 2076 S.
502 2033 690 2075 Subinde
713 2034 839 2074 etiam
860 2033 903 2073 in
928 2033 1052 2074 rebus
1074 2033 1283 2074 historicis
1307 2032 1358 2073 ad
1387 2033 1612 2089 scriptores

312 2124 477 2156 exteros
509 2112 720 2169 confugit,
750 2112 849 2154 Act.
876 2111 1032 2165 XXIV,
1059 2111 1100 2154 3.
1129 2112 1280 2166 πολλῆς
1299 2114 1452 2168 εΐρήνης
1470 2128 1614 2168 τυγχα-

313 2196 451 2240 νόντες
471 2192 538 2232 διὰ
555 2205 625 2232 σου
645 2207 681 2231 κ.
701 2207 737 2230 τ.
762 2190 799 2231 λ.
863 2189 1100 2240 »Quorsum
1120 2189 1173 2231 de
1189 2205 1295 2246 pace
1315 2200 1357 2231 et
1377 2200 1486 2230 statu
1501 2190 1612 2230 bene

310 2268 578 2326 »composito
603 2267 790 2323 loquitur
816 2282 1088 2321 TERTULLUS,
1114 2268 1193 2308 nisi
1211 2277 1257 2308 ut
1281 2282 1407 2308 FELIX
1429 2265 1612 2307 Judaeae

352 2485 405 2527 (1)
431 2484 617 2521 effqnzzi,
648 2489 836 2519 nscnon,
860 2489 1034 2519 monus,
1058 2489 1209 2511 mmmm.
1225 2481 1259 2510 et
1274 2488 1468 2510 ozsmnsm
1482 2478 1522 2510 ad
1537 2478 1572 2512 h.
1589 2478 1614 2511 l.

351 2541 402 2581 (2)
431 2540 492 2572 eff.
513 2548 681 2570 mennon
695 2560 703 2576 ,
723 2547 873 2568 uxorius
887 2558 896 2574 ‚
915 2546 1086 2574 muron,
1101 2546 1208 2568 tucn.
1225 2537 1259 2568 et
1275 2545 1468 2567 otsluustn
1483 2534 1523 2566 ad
1537 2534 1572 2568 h.
1591 2534 1616 2567 1.

352 2599 405 2640 1⁴3)
429 2597 492 2631 (lff.
520 2607 602 2627 ΜΖΑ
631 2597 665 2628 ct
691 2604 721 2627 v,
752 2606 786 2629 ι),
814 2604 901 2625 rum
928 2593 968 2626 ad
993 2593 1027 2624 h.
1055 2593 1077 2623 Ι.
