<?xml version="1.0" encoding="UTF-8"?>
<!DOCTYPE html PUBLIC "-//W3C//DTD XHTML 1.0 Transitional//EN"
    "http://www.w3.org/TR/xhtml1/DTD/xhtml1-transitional.dtd">
<html xmlns="http://www.w3.org/1999/xhtml" xml:lang="en" lang="en">
 <head>
  <title>
</title>
<meta http-equiv="Content-Type" content="text/html;charset=utf-8" />
  <meta name='ocr-system' content='tesseract 3.04.00' />
  <meta name='ocr-capabilities' content='ocr_page ocr_carea ocr_par ocr_line ocrx_word'/>
</head>
<body>
  <div class='ocr_page' id='page_1' title='image "./disquisitiodecal00esch_0156.png"; bbox 0 0 1711 3047; ppageno 0'>
   <div class='ocr_carea' id='block_1_1' title="bbox 814 158 894 199">
    <p class='ocr_par' dir='ltr' id='par_1_1' title="bbox 814 158 894 199">
     <span class='ocr_line' id='line_1_1' title="bbox 814 158 894 199; baseline 0 0"><span class='ocrx_word' id='word_1_1' title='bbox 814 158 894 199; x_wconf 72' lang='grc' dir='ltr'>ΜΟ</span> 
     </span>
    </p>
   </div>
   <div class='ocr_carea' id='block_1_2' title="bbox 184 299 1500 1775">
    <p class='ocr_par' dir='ltr' id='par_1_2' title="bbox 771 299 888 342">
     <span class='ocr_line' id='line_1_2' title="bbox 771 299 888 342; baseline 0.017 -2"><span class='ocrx_word' id='word_1_2' title='bbox 771 299 888 342; x_wconf 88' lang='grc' dir='ltr'><strong>ΧΙΠ.</strong></span> 
     </span>
    </p>

    <p class='ocr_par' dir='ltr' id='par_1_3' title="bbox 184 375 1492 1307">
     <span class='ocr_line' id='line_1_3' title="bbox 241 375 1481 439; baseline 0 -17"><span class='ocrx_word' id='word_1_3' title='bbox 241 378 602 439; x_wconf 77' lang='lat' dir='ltr'>Evangelistar‘um</span> <span class='ocrx_word' id='word_1_4' title='bbox 629 376 758 420; x_wconf 88' lang='lat' dir='ltr'>fidem</span> <span class='ocrx_word' id='word_1_5' title='bbox 784 377 1029 419; x_wconf 85' lang='lat' dir='ltr'>historicam</span> <span class='ocrx_word' id='word_1_6' title='bbox 1052 376 1158 420; x_wconf 87' lang='lat' dir='ltr'>nihil</span> <span class='ocrx_word' id='word_1_7' title='bbox 1181 375 1373 437; x_wconf 79' lang='lat' dir='ltr'>infringi,</span> <span class='ocrx_word' id='word_1_8' title='bbox 1408 386 1481 422; x_wconf 59' lang='lat' dir='ltr'>ves</span> 
     </span>
     <span class='ocr_line' id='line_1_4' title="bbox 184 454 1481 515; baseline -0.002 -14"><span class='ocrx_word' id='word_1_9' title='bbox 184 472 278 501; x_wconf 87' lang='lat' dir='ltr'>rum</span> <span class='ocrx_word' id='word_1_10' title='bbox 307 456 551 500; x_wconf 84' lang='lat' dir='ltr'>confirmari</span> <span class='ocrx_word' id='word_1_11' title='bbox 580 457 720 515; x_wconf 88' lang='lat' dir='ltr'>potius</span> <span class='ocrx_word' id='word_1_12' title='bbox 751 471 826 510; x_wconf 87' lang='lat' dir='ltr'>eo,</span> <span class='ocrx_word' id='word_1_13' title='bbox 861 454 976 513; x_wconf 92' lang='lat' dir='ltr'>quod</span> <span class='ocrx_word' id='word_1_14' title='bbox 1008 455 1172 498; x_wconf 85' lang='lat' dir='ltr'>diversa</span> <span class='ocrx_word' id='word_1_15' title='bbox 1198 456 1384 499; x_wconf 84' lang='lat' dir='ltr'>referant</span> <span class='ocrx_word' id='word_1_16' title='bbox 1414 471 1481 500; x_wconf 54' lang='lat' dir='ltr'>rea</span> 
     </span>
     <span class='ocr_line' id='line_1_5' title="bbox 185 535 1481 594; baseline 0.001 -16"><span class='ocrx_word' id='word_1_17' title='bbox 185 552 281 578; x_wconf 90' lang='lat' dir='ltr'>rum</span> <span class='ocrx_word' id='word_1_18' title='bbox 315 535 535 592; x_wconf 81' lang='lat' dir='ltr'>adjuncta,</span> <span class='ocrx_word' id='word_1_19' title='bbox 570 535 736 594; x_wconf 83' lang='lat' dir='ltr'>egregie</span> <span class='ocrx_word' id='word_1_20' title='bbox 759 545 907 576; x_wconf 82' lang='lat' dir='ltr'>monet</span> <span class='ocrx_word' id='word_1_21' title='bbox 929 550 1256 577; x_wconf 77' lang='lat' dir='ltr'>CHRYSOSTOMUS</span> <span class='ocrx_word' id='word_1_22' title='bbox 1278 536 1322 576; x_wconf 88' lang='lat' dir='ltr'>in</span> <span class='ocrx_word' id='word_1_23' title='bbox 1347 535 1481 594; x_wconf 58' lang='lat' dir='ltr'>praefa</span> 
     </span>
     <span class='ocr_line' id='line_1_6' title="bbox 187 610 1488 669; baseline 0 -12"><span class='ocrx_word' id='word_1_24' title='bbox 187 614 241 657; x_wconf 84' lang='lat' dir='ltr'>ad</span> <span class='ocrx_word' id='word_1_25' title='bbox 276 629 468 657; x_wconf 48' lang='lat' dir='ltr'>Min-‘rna</span> <span class='ocrx_word' id='word_1_26' title='bbox 503 615 602 657; x_wconf 79' lang='grc' dir='ltr'><strong><em>αὐτὸ</em></strong></span> <span class='ocrx_word' id='word_1_27' title='bbox 646 617 723 668; x_wconf 80' lang='grc' dir='ltr'>μὲν</span> <span class='ocrx_word' id='word_1_28' title='bbox 768 610 840 658; x_wconf 75' lang='grc' dir='ltr'>οὖν</span> <span class='ocrx_word' id='word_1_29' title='bbox 875 618 991 657; x_wconf 85' lang='grc' dir='ltr'><strong><em>τοῦτο</em></strong></span> <span class='ocrx_word' id='word_1_30' title='bbox 1024 614 1212 668; x_wconf 82' lang='grc' dir='ltr'><strong><em>μέγιστον</em></strong></span> <span class='ocrx_word' id='word_1_31' title='bbox 1243 615 1388 669; x_wconf 75' lang='grc' dir='ltr'><strong><em>δεῖγμα</em></strong></span> <span class='ocrx_word' id='word_1_32' title='bbox 1417 620 1488 669; x_wconf 85' lang='grc' dir='ltr'><strong><em>τῆς</em></strong></span> 
     </span>
     <span class='ocr_line' id='line_1_7' title="bbox 191 693 1490 751; baseline 0.001 -15"><span class='ocrx_word' id='word_1_33' title='bbox 191 695 390 749; x_wconf 72' lang='grc' dir='ltr'><strong><em>ἀληθείας</em></strong></span> <span class='ocrx_word' id='word_1_34' title='bbox 435 693 561 737; x_wconf 79' lang='grc' dir='ltr'><strong><em>ἐστίν·</em></strong></span> <span class='ocrx_word' id='word_1_35' title='bbox 597 695 632 735; x_wconf 75' lang='grc' dir='ltr'>εἴ</span> <span class='ocrx_word' id='word_1_36' title='bbox 662 696 740 749; x_wconf 85' lang='grc' dir='ltr'>γὰρ</span> <span class='ocrx_word' id='word_1_37' title='bbox 769 698 906 737; x_wconf 84' lang='grc' dir='ltr'><strong><em>πάντα</em></strong></span> <span class='ocrx_word' id='word_1_38' title='bbox 936 697 1223 749; x_wconf 71' lang='grc' dir='ltr'><strong><em>συνεφώνησαν</em></strong></span> <span class='ocrx_word' id='word_1_39' title='bbox 1250 696 1353 748; x_wconf 80' lang='grc' dir='ltr'><strong><em>μετὰ</em></strong></span> <span class='ocrx_word' id='word_1_40' title='bbox 1377 695 1490 751; x_wconf 78' lang='grc' dir='ltr'><strong><em>ἄκρι-</em></strong></span> 
     </span>
     <span class='ocr_line' id='line_1_8' title="bbox 189 773 1491 832; baseline -0.001 -16"><span class='ocrx_word' id='word_1_41' title='bbox 189 775 325 832; x_wconf 60' lang='lat' dir='ltr'>fidae,</span> <span class='ocrx_word' id='word_1_42' title='bbox 357 775 426 816; x_wconf 79' lang='grc' dir='ltr'>καὶ</span> <span class='ocrx_word' id='word_1_43' title='bbox 459 774 574 829; x_wconf 79' lang='grc' dir='ltr'><strong><em>μέχρι</em></strong></span> <span class='ocrx_word' id='word_1_44' title='bbox 605 776 742 828; x_wconf 79' lang='grc' dir='ltr'><strong><em>καιροῦ</em></strong></span> <span class='ocrx_word' id='word_1_45' title='bbox 775 774 845 815; x_wconf 77' lang='grc' dir='ltr'>καὶ</span> <span class='ocrx_word' id='word_1_46' title='bbox 872 773 988 829; x_wconf 80' lang='grc' dir='ltr'><strong><em>μέχρι</em></strong></span> <span class='ocrx_word' id='word_1_47' title='bbox 1015 776 1143 816; x_wconf 86' lang='grc' dir='ltr'><em>τόπου</em></span> <span class='ocrx_word' id='word_1_48' title='bbox 1172 774 1240 815; x_wconf 81' lang='grc' dir='ltr'>καὶ</span> <span class='ocrx_word' id='word_1_49' title='bbox 1271 774 1387 829; x_wconf 83' lang='grc' dir='ltr'><strong><em>μέχρι</em></strong></span> <span class='ocrx_word' id='word_1_50' title='bbox 1418 775 1491 829; x_wconf 63' lang='grc' dir='ltr'>ῥηό</span> 
     </span>
     <span class='ocr_line' id='line_1_9' title="bbox 188 852 1490 908; baseline -0.001 -13"><span class='ocrx_word' id='word_1_51' title='bbox 188 858 327 908; x_wconf 86' lang='grc' dir='ltr'><strong><em>μάτων</em></strong></span> <span class='ocrx_word' id='word_1_52' title='bbox 358 853 520 902; x_wconf 76' lang='grc' dir='ltr'><strong><em>αὐτῶν,</em></strong></span> <span class='ocrx_word' id='word_1_53' title='bbox 554 853 684 900; x_wconf 75' lang='grc' dir='ltr'><strong><em>οὐδεὶς</em></strong></span> <span class='ocrx_word' id='word_1_54' title='bbox 712 855 766 895; x_wconf 79' lang='grc' dir='ltr'>ἂν</span> <span class='ocrx_word' id='word_1_55' title='bbox 796 852 999 894; x_wconf 72' lang='grc' dir='ltr'><strong><em>ἐπίστευσε</em></strong></span> <span class='ocrx_word' id='word_1_56' title='bbox 1029 855 1112 896; x_wconf 84' lang='grc' dir='ltr'><strong><em>τῶν</em></strong></span> <span class='ocrx_word' id='word_1_57' title='bbox 1142 855 1319 908; x_wconf 75' lang='grc' dir='ltr'><strong><em>ἐχθρῶν,</em></strong></span> <span class='ocrx_word' id='word_1_58' title='bbox 1346 854 1409 895; x_wconf 84' lang='grc' dir='ltr'><strong><em>ὅτι</em></strong></span> <span class='ocrx_word' id='word_1_59' title='bbox 1435 855 1490 907; x_wconf 82' lang='grc' dir='ltr'>μὴ</span> 
     </span>
     <span class='ocr_line' id='line_1_10' title="bbox 188 931 1489 986; baseline 0 -11"><span class='ocrx_word' id='word_1_60' title='bbox 188 931 454 980; x_wconf 70' lang='grc' dir='ltr'><strong><em>συνελθόντες</em></strong></span> <span class='ocrx_word' id='word_1_61' title='bbox 492 932 573 974; x_wconf 73' lang='grc' dir='ltr'>ἀπὸ</span> <span class='ocrx_word' id='word_1_62' title='bbox 603 936 807 986; x_wconf 79' lang='grc' dir='ltr'><strong><em>συνθήκης</em></strong></span> <span class='ocrx_word' id='word_1_63' title='bbox 836 933 946 980; x_wconf 84' lang='grc' dir='ltr'><strong><em>τινὸς</em></strong></span> <span class='ocrx_word' id='word_1_64' title='bbox 977 932 1241 986; x_wconf 72' lang='grc' dir='ltr'><strong><em>ἀνθρωπίνης</em></strong></span> <span class='ocrx_word' id='word_1_65' title='bbox 1273 932 1489 986; x_wconf 73' lang='grc' dir='ltr'><strong><em>ἔγραψαν,</em></strong></span> 
     </span>
     <span class='ocr_line' id='line_1_11' title="bbox 189 1007 1492 1068; baseline -0.002 -13"><span class='ocrx_word' id='word_1_66' title='bbox 189 1014 292 1068; x_wconf 79' lang='grc' dir='ltr'><strong><em>ἅπερ</em></strong></span> <span class='ocrx_word' id='word_1_67' title='bbox 330 1013 534 1067; x_wconf 74' lang='grc' dir='ltr'><strong><em>ἔγραψαν·</em></strong></span> <span class='ocrx_word' id='word_1_68' title='bbox 565 1011 612 1052; x_wconf 82' lang='grc' dir='ltr'>οὐ</span> <span class='ocrx_word' id='word_1_69' title='bbox 644 1012 721 1065; x_wconf 84' lang='grc' dir='ltr'>γὰρ</span> <span class='ocrx_word' id='word_1_70' title='bbox 751 1007 858 1054; x_wconf 71' lang='grc' dir='ltr'><strong><em>εἶναι</em></strong></span> <span class='ocrx_word' id='word_1_71' title='bbox 884 1015 954 1063; x_wconf 81' lang='grc' dir='ltr'><strong><em>τῆς</em></strong></span> <span class='ocrx_word' id='word_1_72' title='bbox 983 1009 1211 1065; x_wconf 79' lang='grc' dir='ltr'><em>ἁπλότητος</em></span> <span class='ocrx_word' id='word_1_73' title='bbox 1241 1013 1315 1063; x_wconf 82' lang='grc' dir='ltr'><strong><em>τὴν</em></strong></span> <span class='ocrx_word' id='word_1_74' title='bbox 1346 1013 1492 1054; x_wconf 65' lang='lat' dir='ltr'>rosceda</span> 
     </span>
     <span class='ocr_line' id='line_1_12' title="bbox 191 1086 1491 1147; baseline -0.002 -12"><span class='ocrx_word' id='word_1_75' title='bbox 191 1107 266 1147; x_wconf 87' lang='grc' dir='ltr'><strong><em>την</em></strong></span> <span class='ocrx_word' id='word_1_76' title='bbox 295 1091 548 1145; x_wconf 83' lang='grc' dir='ltr'><strong><em>συμφωνίαν·</em></strong></span> <span class='ocrx_word' id='word_1_77' title='bbox 581 1091 674 1133; x_wconf 86' lang='grc' dir='ltr'><strong><em>νυνὶ</em></strong></span> <span class='ocrx_word' id='word_1_78' title='bbox 707 1090 751 1131; x_wconf 80' lang='grc' dir='ltr'>δὲ</span> <span class='ocrx_word' id='word_1_79' title='bbox 785 1091 854 1131; x_wconf 80' lang='grc' dir='ltr'>καὶ</span> <span class='ocrx_word' id='word_1_80' title='bbox 880 1093 906 1143; x_wconf 76' lang='grc' dir='ltr'><em>ἡ</em></span> <span class='ocrx_word' id='word_1_81' title='bbox 941 1089 1112 1131; x_wconf 83' lang='grc' dir='ltr'><strong><em>δοκοῦσα</em></strong></span> <span class='ocrx_word' id='word_1_82' title='bbox 1137 1091 1182 1132; x_wconf 77' lang='grc' dir='ltr'>ἐν</span> <span class='ocrx_word' id='word_1_83' title='bbox 1207 1094 1361 1144; x_wconf 79' lang='grc' dir='ltr'><strong><em>μικροῖς</em></strong></span> <span class='ocrx_word' id='word_1_84' title='bbox 1384 1086 1491 1132; x_wconf 68' lang='grc' dir='ltr'><strong><em>εἶναι</em></strong></span> 
     </span>
     <span class='ocr_line' id='line_1_13' title="bbox 193 1167 1489 1223; baseline -0.003 -10"><span class='ocrx_word' id='word_1_85' title='bbox 193 1171 396 1223; x_wconf 84' lang='grc' dir='ltr'><strong><em>διαφωνία</em></strong></span> <span class='ocrx_word' id='word_1_86' title='bbox 426 1173 555 1223; x_wconf 86' lang='grc' dir='ltr'><strong><em>πάσης</em></strong></span> <span class='ocrx_word' id='word_1_87' title='bbox 586 1167 837 1210; x_wconf 77' lang='grc' dir='ltr'><strong><em>ἀπαλλάττει</em></strong></span> <span class='ocrx_word' id='word_1_88' title='bbox 866 1169 1012 1216; x_wconf 71' lang='grc' dir='ltr'><strong><em>αὐτούς</em></strong></span> <span class='ocrx_word' id='word_1_89' title='bbox 1041 1167 1244 1222; x_wconf 79' lang='grc' dir='ltr'><strong><em>ὑποψίας,</em></strong></span> <span class='ocrx_word' id='word_1_90' title='bbox 1278 1170 1347 1209; x_wconf 79' lang='grc' dir='ltr'>καὶ</span> <span class='ocrx_word' id='word_1_91' title='bbox 1380 1168 1489 1222; x_wconf 86' lang='grc' dir='ltr'><strong><em>λαμ-</em></strong></span> 
     </span>
     <span class='ocr_line' id='line_1_14' title="bbox 196 1246 1420 1307; baseline -0.003 -13"><span class='ocrx_word' id='word_1_92' title='bbox 196 1253 303 1307; x_wconf 82' lang='grc' dir='ltr'><strong><em>πρῶς</em></strong></span> <span class='ocrx_word' id='word_1_93' title='bbox 331 1251 431 1305; x_wconf 80' lang='grc' dir='ltr'><strong><em>ὑπὲρ</em></strong></span> <span class='ocrx_word' id='word_1_94' title='bbox 461 1253 531 1292; x_wconf 81' lang='grc' dir='ltr'><strong><em>τοῦ</em></strong></span> <span class='ocrx_word' id='word_1_95' title='bbox 560 1250 711 1304; x_wconf 84' lang='grc' dir='ltr'><strong><em>τρόπου</em></strong></span> <span class='ocrx_word' id='word_1_96' title='bbox 744 1249 829 1291; x_wconf 82' lang='grc' dir='ltr'><strong><em>τῶν</em></strong></span> <span class='ocrx_word' id='word_1_97' title='bbox 863 1251 1112 1303; x_wconf 80' lang='grc' dir='ltr'><strong><em>γραψάντων</em></strong></span> <span class='ocrx_word' id='word_1_98' title='bbox 1144 1246 1420 1300; x_wconf 75' lang='grc' dir='ltr'><strong><em>ἀπολογεῖται.</em></strong></span> 
     </span>
    </p>

    <p class='ocr_par' dir='ltr' id='par_1_4' title="bbox 787 1323 905 1369">
     <span class='ocr_line' id='line_1_15' title="bbox 787 1323 905 1369; baseline 0.017 -2"><span class='ocrx_word' id='word_1_99' title='bbox 787 1323 905 1369; x_wconf 86' lang='lat' dir='ltr'><strong>XIV.</strong></span> 
     </span>
    </p>

    <p class='ocr_par' dir='ltr' id='par_1_5' title="bbox 196 1402 1495 1620">
     <span class='ocr_line' id='line_1_16' title="bbox 253 1402 1491 1463; baseline -0.002 -15"><span class='ocrx_word' id='word_1_100' title='bbox 253 1406 425 1460; x_wconf 88' lang='lat' dir='ltr'>Unitas,</span> <span class='ocrx_word' id='word_1_101' title='bbox 460 1419 567 1462; x_wconf 89' lang='lat' dir='ltr'>quae</span> <span class='ocrx_word' id='word_1_102' title='bbox 599 1404 780 1458; x_wconf 82' lang='lat' dir='ltr'>dicitur,</span> <span class='ocrx_word' id='word_1_103' title='bbox 815 1403 861 1445; x_wconf 87' lang='lat' dir='ltr'>in</span> <span class='ocrx_word' id='word_1_104' title='bbox 893 1404 1079 1446; x_wconf 87' lang='lat' dir='ltr'>homiliis</span> <span class='ocrx_word' id='word_1_105' title='bbox 1109 1419 1189 1446; x_wconf 86' lang='lat' dir='ltr'>nec</span> <span class='ocrx_word' id='word_1_106' title='bbox 1220 1402 1491 1463; x_wconf 82' lang='lat' dir='ltr'>negligenda,</span> 
     </span>
     <span class='ocr_line' id='line_1_17' title="bbox 196 1481 1495 1542; baseline -0.002 -14"><span class='ocrx_word' id='word_1_107' title='bbox 196 1500 332 1542; x_wconf 88' lang='lat' dir='ltr'>neque</span> <span class='ocrx_word' id='word_1_108' title='bbox 373 1484 493 1526; x_wconf 85' lang='lat' dir='ltr'>anxie</span> <span class='ocrx_word' id='word_1_109' title='bbox 533 1481 772 1540; x_wconf 82' lang='lat' dir='ltr'>quaerenda</span> <span class='ocrx_word' id='word_1_110' title='bbox 805 1492 882 1525; x_wconf 88' lang='lat' dir='ltr'>est.</span> <span class='ocrx_word' id='word_1_111' title='bbox 945 1483 996 1525; x_wconf 91' lang='lat' dir='ltr'>In</span> <span class='ocrx_word' id='word_1_112' title='bbox 1033 1482 1178 1541; x_wconf 86' lang='lat' dir='ltr'>primis</span> <span class='ocrx_word' id='word_1_113' title='bbox 1208 1483 1322 1525; x_wconf 89' lang='lat' dir='ltr'>enim</span> <span class='ocrx_word' id='word_1_114' title='bbox 1348 1481 1495 1526; x_wconf 46' lang='lat' dir='ltr'>viden*</span> 
     </span>
     <span class='ocr_line' id='line_1_18' title="bbox 198 1560 1166 1620; baseline -0.003 -14"><span class='ocrx_word' id='word_1_115' title='bbox 198 1563 300 1606; x_wconf 90' lang='lat' dir='ltr'>dum</span> <span class='ocrx_word' id='word_1_116' title='bbox 332 1573 422 1616; x_wconf 89' lang='lat' dir='ltr'>est,</span> <span class='ocrx_word' id='word_1_117' title='bbox 461 1560 563 1619; x_wconf 90' lang='lat' dir='ltr'>quid</span> <span class='ocrx_word' id='word_1_118' title='bbox 596 1571 763 1620; x_wconf 86' lang='lat' dir='ltr'>tempus</span> <span class='ocrx_word' id='word_1_119' title='bbox 793 1560 979 1619; x_wconf 86' lang='lat' dir='ltr'><strong>postulet</strong></span> <span class='ocrx_word' id='word_1_120' title='bbox 1012 1571 1055 1602; x_wconf 86' lang='lat' dir='ltr'>et</span> <span class='ocrx_word' id='word_1_121' title='bbox 1084 1575 1166 1603; x_wconf 81' lang='lat' dir='ltr'>res.-</span> 
     </span>
    </p>

    <p class='ocr_par' dir='ltr' id='par_1_6' title="bbox 261 1632 1500 1775">
     <span class='ocr_line' id='line_1_19' title="bbox 799 1632 896 1682; baseline 0.021 -2"><span class='ocrx_word' id='word_1_122' title='bbox 799 1632 896 1682; x_wconf 84' lang='lat' dir='ltr'>XV.</span> 
     </span>
     <span class='ocr_line' id='line_1_20' title="bbox 261 1717 1500 1775; baseline -0.002 -13"><span class='ocrx_word' id='word_1_123' title='bbox 261 1719 418 1762; x_wconf 85' lang='lat' dir='ltr'>Officio</span> <span class='ocrx_word' id='word_1_124' title='bbox 452 1732 531 1761; x_wconf 90' lang='lat' dir='ltr'>suo</span> <span class='ocrx_word' id='word_1_125' title='bbox 565 1717 715 1760; x_wconf 88' lang='lat' dir='ltr'><strong>desunt</strong></span> <span class='ocrx_word' id='word_1_126' title='bbox 747 1718 989 1772; x_wconf 78' lang='lat' dir='ltr'>Antistites,</span> <span class='ocrx_word' id='word_1_127' title='bbox 1024 1719 1097 1775; x_wconf 88' lang='lat' dir='ltr'>qui</span> <span class='ocrx_word' id='word_1_128' title='bbox 1129 1719 1242 1761; x_wconf 87' lang='lat' dir='ltr'>vitae</span> <span class='ocrx_word' id='word_1_129' title='bbox 1271 1728 1321 1760; x_wconf 87' lang='lat' dir='ltr'>ut</span> <span class='ocrx_word' id='word_1_130' title='bbox 1352 1726 1500 1760; x_wconf 86' lang='lat' dir='ltr'>consu-</span> 
     </span>
    </p>
   </div>
   <div class='ocr_carea' id='block_1_3' title="bbox 200 1796 1500 1934">
    <p class='ocr_par' dir='ltr' id='par_1_7' title="bbox 200 1796 1500 1934">
     <span class='ocr_line' id='line_1_21' title="bbox 200 1796 1500 1855; baseline -0.002 -14"><span class='ocrx_word' id='word_1_131' title='bbox 200 1798 291 1841; x_wconf 83' lang='lat' dir='ltr'><strong>lant</strong></span> <span class='ocrx_word' id='word_1_132' title='bbox 330 1812 453 1850; x_wconf 88' lang='lat' dir='ltr'>suae,</span> <span class='ocrx_word' id='word_1_133' title='bbox 504 1796 840 1838; x_wconf 87' lang='lat' dir='ltr'>admonitionem</span> <span class='ocrx_word' id='word_1_134' title='bbox 885 1806 928 1838; x_wconf 88' lang='lat' dir='ltr'>et</span> <span class='ocrx_word' id='word_1_135' title='bbox 971 1796 1308 1838; x_wconf 89' lang='lat' dir='ltr'>consolationem</span> <span class='ocrx_word' id='word_1_136' title='bbox 1345 1805 1500 1855; x_wconf 82' lang='lat' dir='ltr'>negent</span> 
     </span>
     <span class='ocr_line' id='line_1_22' title="bbox 202 1873 920 1934; baseline -0.003 -15"><span class='ocrx_word' id='word_1_137' title='bbox 202 1876 355 1919; x_wconf 87' lang='lat' dir='ltr'>morbo</span> <span class='ocrx_word' id='word_1_138' title='bbox 384 1873 586 1934; x_wconf 86' lang='lat' dir='ltr'>pestifero</span> <span class='ocrx_word' id='word_1_139' title='bbox 617 1873 920 1917; x_wconf 82' lang='lat' dir='ltr'>laborantibus.</span> 
     </span>
    </p>
   </div>
   <div class='ocr_carea' id='block_1_4' title="bbox 191 1950 1504 2247">
    <p class='ocr_par' dir='ltr' id='par_1_8' title="bbox 191 1950 1504 2247">
     <span class='ocr_line' id='line_1_23' title="bbox 793 1950 911 1994; baseline 0.008 -1"><span class='ocrx_word' id='word_1_140' title='bbox 793 1950 911 1994; x_wconf 89' lang='lat' dir='ltr'>XVI.</span> 
     </span>
     <span class='ocr_line' id='line_1_24' title="bbox 262 2029 1500 2088; baseline 0 -14"><span class='ocrx_word' id='word_1_141' title='bbox 262 2031 486 2074; x_wconf 86' lang='lat' dir='ltr'>Praeclare</span> <span class='ocrx_word' id='word_1_142' title='bbox 517 2042 723 2074; x_wconf 71' lang='lat' dir='ltr'>cAnvmus</span> <span class='ocrx_word' id='word_1_143' title='bbox 753 2029 809 2072; x_wconf 88' lang='lat' dir='ltr'>ad</span> <span class='ocrx_word' id='word_1_144' title='bbox 836 2045 960 2073; x_wconf 72' lang='grc' dir='ltr'><strong><em>τοΑΝ.</em></strong></span> <span class='ocrx_word' id='word_1_145' title='bbox 991 2030 1096 2085; x_wconf 85' lang='lat' dir='ltr'>VH,</span> <span class='ocrx_word' id='word_1_146' title='bbox 1130 2030 1204 2074; x_wconf 82' lang='lat'>13:</span> <span class='ocrx_word' id='word_1_147' title='bbox 1239 2035 1346 2074; x_wconf 81' lang='lat' dir='ltr'>utin</span> <span class='ocrx_word' id='word_1_148' title='bbox 1367 2041 1500 2088; x_wconf 83' lang='lat' dir='ltr'><em>statu,</em></span> 
     </span>
     <span class='ocr_line' id='line_1_25' title="bbox 204 2108 1503 2169; baseline 0 -17"><span class='ocrx_word' id='word_1_149' title='bbox 204 2111 365 2169; x_wconf 86' lang='lat' dir='ltr'>inquit,</span> <span class='ocrx_word' id='word_1_150' title='bbox 398 2109 617 2152; x_wconf 81' lang='lat' dir='ltr'>Ecclesiae</span> <span class='ocrx_word' id='word_1_151' title='bbox 645 2109 748 2151; x_wconf 82' lang='lat' dir='ltr'>bene</span> <span class='ocrx_word' id='word_1_152' title='bbox 777 2108 972 2151; x_wconf 80' lang='lat' dir='ltr'>ordinato</span> <span class='ocrx_word' id='word_1_153' title='bbox 1006 2109 1140 2150; x_wconf 79' lang='lat' dir='ltr'>locam</span> <span class='ocrx_word' id='word_1_154' title='bbox 1167 2125 1250 2152; x_wconf 87' lang='lat' dir='ltr'>non</span> <span class='ocrx_word' id='word_1_155' title='bbox 1279 2109 1408 2152; x_wconf 70' lang='lat' dir='ltr'><em>habet</em></span> <span class='ocrx_word' id='word_1_156' title='bbox 1441 2111 1503 2169; x_wconf 82' lang='lat' dir='ltr'>ef-</span> 
     </span>
     <span class='ocr_line' id='line_1_26' title="bbox 191 2187 1504 2247; baseline 0.002 -17"><span class='ocrx_word' id='word_1_157' title='bbox 191 2190 341 2247; x_wconf 76' lang='lat' dir='ltr'>frenis</span> <span class='ocrx_word' id='word_1_158' title='bbox 371 2190 562 2243; x_wconf 82' lang='lat' dir='ltr'>licentia,</span> <span class='ocrx_word' id='word_1_159' title='bbox 589 2193 650 2230; x_wconf 80' lang='lat' dir='ltr'>sie</span> <span class='ocrx_word' id='word_1_160' title='bbox 677 2187 749 2230; x_wconf 80' lang='lat' dir='ltr'>ubi</span> <span class='ocrx_word' id='word_1_161' title='bbox 775 2197 885 2231; x_wconf 79' lang='lat' dir='ltr'>metu</span> <span class='ocrx_word' id='word_1_162' title='bbox 911 2204 1148 2246; x_wconf 78' lang='lat' dir='ltr'>compressa</span> <span class='ocrx_word' id='word_1_163' title='bbox 1177 2197 1340 2232; x_wconf 82' lang='lat' dir='ltr'>tenetur</span> <span class='ocrx_word' id='word_1_164' title='bbox 1368 2194 1504 2232; x_wconf 82' lang='lat' dir='ltr'>omnis</span> 
     </span>
    </p>
   </div>
   <div class='ocr_carea' id='block_1_5' title="bbox 207 2267 1503 2391">
    <p class='ocr_par' dir='ltr' id='par_1_9' title="bbox 207 2267 1503 2391">
     <span class='ocr_line' id='line_1_27' title="bbox 207 2267 1503 2322; baseline 0 -13"><span class='ocrx_word' id='word_1_165' title='bbox 207 2267 403 2322; x_wconf 71' lang='lat' dir='ltr'>libertas,</span> <span class='ocrx_word' id='word_1_166' title='bbox 447 2276 494 2309; x_wconf 84' lang='lat' dir='ltr'>ut</span> <span class='ocrx_word' id='word_1_167' title='bbox 527 2283 664 2311; x_wconf 82' lang='lat' dir='ltr'>vocem</span> <span class='ocrx_word' id='word_1_168' title='bbox 707 2282 827 2310; x_wconf 85' lang='lat' dir='ltr'>nemo</span> <span class='ocrx_word' id='word_1_169' title='bbox 870 2272 1033 2310; x_wconf 81' lang='lat' dir='ltr'>mittere</span> <span class='ocrx_word' id='word_1_170' title='bbox 1063 2267 1237 2322; x_wconf 82' lang='lat' dir='ltr'>audeat,</span> <span class='ocrx_word' id='word_1_171' title='bbox 1267 2272 1503 2311; x_wconf 78' lang='lat' dir='ltr'>miserrima</span> 
     </span>
     <span class='ocr_line' id='line_1_28' title="bbox 207 2345 504 2391; baseline 0.01 -3"><span class='ocrx_word' id='word_1_172' title='bbox 207 2355 273 2389; x_wconf 81' lang='lat' dir='ltr'>est</span> <span class='ocrx_word' id='word_1_173' title='bbox 304 2345 504 2391; x_wconf 83' lang='lat' dir='ltr'>conditio.</span> 
     </span>
    </p>
   </div>
  </div>
 </body>
</html>
