1711 3047
839 167 921 209 108

227 310 356 352 »sum'’
375 309 451 366 (1).
485 309 623 350 Porro
642 308 721 350 hac
738 309 903 350 ratione
925 311 1257 362 ἐναντιοφανείας
1277 311 1514 367 componit,

218 397 264 428 ut
289 386 441 428 doceat
473 384 649 428 domino
685 387 835 441 tribui,
870 385 982 443 quod
1015 401 1091 444 per
1120 387 1331 429 ministros
1356 388 1516 430 factum

218 464 296 518 sit,
337 480 499 507 MATTH.
540 465 661 518 VIII,
705 463 822 506 513.
862 475 903 506 et
939 480 1036 506 mic.
1076 464 1179 519 Vll,
1223 482 1336 509 1-10.
1374 481 1515 524 supra.

218 543 535 602 Discrepantiae
570 544 755 601 speciem
783 543 895 585 tollit
930 544 1040 585 inter
1071 559 1169 586 LUC.
1196 543 1255 598 V,
1283 545 1353 587 28.
1390 562 1514 587 κατα-

219 621 348 665 λίπων
373 625 540 666 ἅπαντα
565 641 601 664 κ.
627 641 665 668 τ.
690 623 727 664 λ.
761 633 803 664 et
821 637 983 664 MATTH.
1008 622 1094 675 IX,
1120 637 1161 677 9.
1183 637 1313 663 MARC.
1345 622 1404 675 II,
1437 622 1486 664 15
1505 653 1517 675 ,

220 700 383 754 dicens,
421 716 510 741 non
543 701 660 742 omni
693 716 766 741 sua
791 701 832 742 vi
866 716 954 742 esse
986 700 1209 754 sumenda,
1245 715 1350 756 quae
1383 715 1521 742 LUCAE

218 779 317 819 loco
345 779 580 820 habentur:
613 795 713 820 nam
745 779 996 836 posthabitis
1027 779 1221 819 omnibus
1243 778 1522 836 impedimen-

219 858 292 911 tis,
310 873 579 901 MATTHAEUM
598 874 641 900 se
662 869 799 899 totum
825 857 1208 911 cnmswoffldedissffi
1229 873 1364 915 neque
1381 868 1523 900 tamen

219 938 295 991 ita,
331 948 377 978 ut
408 953 475 979 res
507 953 601 978 suas
634 937 886 979 domesticas
916 937 1129 992 abjiceret.
1194 936 1327 977 Notat
1360 951 1519 994 porm,

220 1029 403 1056 MARCUM
433 1016 677 1073 expressisse
703 1032 845 1057 rerum
875 1015 1090 1070 adjuncta,
1119 1030 1142 1055 a
1162 1014 1336 1056 caeteris
1355 1014 1522 1055 silentio

220 1094 513 1151 praetermissa
530 1125 542 1147 ,
597 1105 721 1150 atque
765 1094 823 1134 ita
865 1093 1160 1134 difficultatem
1198 1092 1311 1133 tollit
1329 1124 1340 1146 ,
1387 1107 1520 1134 MARc.

220 1171 341 1224 XIV,
367 1172 442 1224 68,
461 1187 533 1228 72.
551 1187 649 1213 Luc.
668 1172 813 1223 XXII,
834 1171 906 1213 60.
926 1185 1047 1211 JOAN.
1061 1169 1224 1222 XVIII,
1244 1185 1312 1225 27.
1332 1184 1526 1210 »MARCUS

221 1248 463 1306 »duplicem
501 1248 601 1306 galli
642 1258 812 1289 cantum
845 1256 1168 1288 commemorat.
1232 1245 1318 1286 Alii
1350 1245 1522 1300 dicunt,

222 1337 346 1368 »tunc
367 1326 535 1368 demum
555 1327 756 1369 cecinisse
775 1326 954 1384 gallum,
977 1336 1197 1383 postquam
1218 1335 1283 1366 ter
1306 1323 1527 1367 dominum

223 1406 494 1463 »abnegasset
519 1421 692 1447 PETRUS.
757 1405 947 1445 Dubium
969 1419 1056 1444 non
1077 1414 1157 1456 est,
1181 1403 1279 1460 quin
1302 1418 1526 1457 CHRISTUS,

225 1500 376 1541 »quum
392 1500 527 1526 PETRO
547 1483 727 1537 diceret,
738 1488 988 1541 priusquam
1002 1482 1143 1539 gallus
1160 1490 1318 1536 cantet,
1335 1492 1526 1522 notatum

224 1563 373 1605 »fuisse
414 1564 467 1605 ab
501 1578 553 1604 eo
590 1563 876 1621 gallicinium,
921 1560 1035 1618 quod
1071 1561 1221 1602 multas
1259 1561 1372 1602 vices
1403 1560 1448 1601 in
1484 1576 1528 1602 se

225 1643 451 1700 »repetitas
489 1642 692 1684 continet.
754 1642 853 1682 Non
893 1641 1005 1683 enim
1042 1640 1173 1682 semel
1209 1650 1365 1681 canunt
1398 1639 1524 1698 galli,

225 1720 327 1761 »sed
346 1721 510 1777 saepius
529 1721 682 1762 iterant
701 1731 846 1762 cantus
864 1735 975 1761 suos.
1041 1719 1172 1760 Unius
1196 1729 1336 1759 tamen
1361 1717 1528 1775 vigiliae

224 1813 336 1839 »non
356 1799 430 1839 nisi
451 1813 579 1838 unum
599 1797 857 1854 gallicinium
875 1795 1044 1836 dicitur.
1110 1796 1221 1851 Ergo
1248 1809 1523 1848 MATTHAEUS,

225 1890 381 1917 »LucAs
418 1886 460 1917 et
490 1890 699 1928 JOANNES,
735 1890 908 1915 PETRUM
943 1884 1008 1914 ter
1047 1871 1266 1913 dominum
1302 1872 1526 1929 abnegasse

226 1954 424 2007 »dicunt,
460 1964 555 1994 ante
595 1952 722 1993 finem
759 1951 975 2010 gallicinii.
1038 1951 1220 1991 MARCUS
1255 1950 1527 1990 circumstan-

228 2032 355 2073 »tiam
373 2047 499 2072 unam
523 2030 756 2071 distinctius
777 2029 995 2087 exprimit,
1024 2027 1138 2085 quod
1166 2027 1257 2070 scil.
1283 2027 1401 2069 brevi
1425 2038 1528 2068 tem-

229 2110 370 2168 »poris
388 2110 546 2167 spatio,
565 2124 694 2165 usque
712 2107 766 2149 ad
787 2108 952 2149 tertiam
974 2107 1296 2165 abnegationem
1319 2104 1523 2147 abductus

231 2188 379 2229 »fuerit
412 2202 594 2239 PETRUS,
632 2197 674 2228 et
704 2187 843 2244 primo
880 2197 1005 2226 cantu
1036 2185 1273 2226 admonitus
1305 2200 1394 2226 non
1429 2184 1530 2226 resi-

232 2265 429 2323 »puerit.”
492 2266 675 2322 Tempus
705 2265 986 2321 vespertinum
1018 2279 1102 2305 non
1135 2262 1394 2321 premendO,
1431 2277 1530 2302 con·

234 2344 349 2386 ciliat
374 2359 497 2386 JOAN.
530 2344 636 2397 XX,
679 2357 745 2399 19.
777 2347 893 2398 οὔσης
915 2340 987 2387 οὖν
1015 2343 1139 2397 ὀψίας
1165 2347 1215 2397 τῇ
1243 2341 1368 2396 ἡμέρᾳ
1397 2341 1529 2397 ἐκείνῃ

276 2530 328 2573 (l)
352 2532 413 2563 eff.
430 2542 512 2563 BEZA
527 2553 538 2571 ‚
563 2543 729 2564 mscnon
743 2556 752 2572 ‚
777 2544 948 2570 onorius,
968 2545 1119 2565 Rumon
1134 2557 1142 2572 ‚
1161 2544 1192 2565 v.
1210 2544 1243 2565 n.
1261 2542 1348 2563 vim
1364 2533 1398 2563 et
1415 2541 1535 2562 nin-

360 2599 460 2626 scu,
487 2590 545 2629 qui
572 2590 656 2622 idem
681 2592 806 2621 sactum
830 2591 945 2622 referri
967 2591 1098 2623 dieunt.
