1711 3047
832 280 880 317 27

810 390 836 442 ς
867 390 902 427 4.

271 554 393 591 Morte
432 553 710 605 Einphyteutae
746 554 809 602 jus
840 551 1140 604 Emphyteuseos
1168 550 1218 588 ad
1252 552 1332 600 ejus
1348 551 1485 587 transit

219 635 401 683 heredes,
432 635 503 672 nisi
526 636 590 684 jus
615 633 716 672 illud
743 642 891 671 tantuin
920 645 1101 685 personae
1114 631 1184 669 soli
1205 631 1486 683 Emphyteutae

220 717 357 755 mortui
399 730 642 763 concessum,
684 730 770 752 cum
808 724 925 753 morte
963 716 1043 765 ejus
1083 715 1394 765 extingueretur,
1424 721 1489 749 aut

220 799 248 835 si
278 799 389 836 aliter
417 800 517 836 iuter
550 807 674 849 partes
708 806 942 836 conventum
969 797 1017 834 sit
1046 796 1093 834 de
1119 804 1286 847 tempore
1321 793 1490 831 duratio·

224 881 306 928 nis,
338 879 386 917 de
413 895 487 930 quo
514 887 736 930 argumento
756 880 835 928 jam
860 891 973 929 supra
995 878 1177 916 vidimus.

272 961 455 997 Monente
483 959 675 1006 Voetio,
695 958 732 1010 l)
767 974 836 996 usu
866 967 902 996 et
927 958 1207 996 consuetudine
1223 955 1485 994 introductum

220 1050 297 1089 est,
337 1040 421 1091 plus
448 1040 624 1079 minusve
645 1039 694 1077 ad
722 1039 939 1092 exemplum
958 1039 1147 1077 bonorum
1175 1037 1413 1084 feudalium,
1453 1046 1495 1074 ut

221 1123 492 1175 Emphyteusis
545 1131 694 1159 tantum
739 1131 862 1159 certae
896 1121 1066 1159 familiae
1094 1120 1391 1167 concederetur,
1432 1118 1494 1155 vel

224 1204 338 1242 etiam
364 1204 486 1254 primo
507 1203 728 1254 ageniturae
757 1204 854 1241 ratio
879 1203 1107 1250 haberetur,
1137 1201 1241 1253 quod
1255 1202 1346 1239 Jure
1367 1201 1495 1238 Patrio

221 1300 368 1338 quoque
397 1286 590 1334 invaluit;
623 1284 664 1337 2)
715 1299 810 1336 quae
834 1286 960 1323 onmia
989 1294 1114 1323 autem
1141 1285 1316 1322 instituta
1340 1283 1496 1319 minime

220 1368 323 1406 Juris
355 1368 515 1405 Romani
542 1367 766 1419 principiis,
802 1368 1022 1419 primaeque
1049 1366 1350 1419 Emphyteuseos
1378 1373 1497 1401 natu-

222 1464 284 1487 rae
313 1450 522 1488 convenire
538 1479 548 1497 ,
578 1463 672 1500 opus
699 1464 776 1487 non
799 1458 853 1486 est
876 1458 916 1486 ut
939 1448 1077 1487 dicam.
1134 1449 1274 1486 Utrum
1301 1459 1389 1484 vero
1409 1446 1496 1482 fun-

222 1530 293 1568 dus
339 1530 646 1582 emphyteuticus
690 1530 819 1582 plures
861 1531 961 1567 inter
1000 1528 1158 1566 heredes
1190 1527 1318 1567 dividi
1356 1526 1497 1579 possit,

224 1611 327 1664 apud
368 1612 465 1649 Ictos
500 1612 668 1662 quaestio
709 1612 796 1650 fuit.
856 1611 1075 1649 Hellfeld
1110 1611 1224 1648 talem
1264 1609 1497 1648 divisionem

226 1709 302 1731 non
342 1693 457 1730 licere
483 1694 624 1743 sentit,
667 1708 757 1732 von
795 1694 904 1731 Buri
937 1707 1026 1732 vero
1052 1693 1235 1730 distinxit
1262 1692 1338 1739 ita,
1377 1699 1438 1737 ut,
1466 1690 1496 1727 si

223 1774 382 1813 heredes
414 1789 534 1813 unum
559 1784 740 1825 tanquam
766 1774 1144 1828 praeemphyteutam
1169 1773 1376 1825 elegerint,
1407 1772 1495 1823 qui,

224 1866 344 1895 totum
383 1871 567 1895 canonem
601 1871 669 1909 pro
699 1856 877 1894 omnibus
912 1856 1082 1904 solvens,
1118 1855 1219 1893 solus
1259 1854 1498 1906 singulorum

224 1953 424 1991 personam
451 1939 636 1987 sustinet,
665 1948 758 1977 tune
788 1939 858 1977 hoc
885 1953 962 1976 sese
983 1939 1034 1975 ita
1062 1937 1213 1976 habeat.
1270 1936 1427 1975 Gli'ick
1458 1934 1498 1987 3)

225 2021 432 2059 heredibus
471 2029 692 2072 potestatem
724 2021 886 2067 tribuit,
921 2022 985 2070 jus
1023 2018 1323 2070 Emphyteuseos
1355 2032 1500 2056 conce-

227 2103 348 2141 dendi
379 2117 455 2140 uno
482 2116 609 2139 eorum
625 2133 633 2149 ,
675 2103 757 2140 sine
783 2116 969 2140 consensu
995 2101 1140 2140 domini
1157 2131 1166 2148 ,
1205 2099 1492 2151 praescribente

227 2186 452 2237 Ulpiano:
471 2184 510 2236 4)
537 2184 747 2236 Vectigalis
767 2198 872 2235 ager,
894 2197 942 2220 an
965 2182 1183 2234 regionibus
1203 2181 1333 2220 dividi
1358 2182 1497 2233 possit,

277 2409 306 2449 1)
356 2411 459 2448 Voet,
487 2409 516 2438 Si
541 2418 620 2448 ager
645 2407 838 2448 vectigalis,
865 2412 930 2438 etc.
957 2408 973 2448 ᾗ
999 2407 1051 2439 10.

274 2472 307 2512 2)
355 2474 400 2502 De
426 2473 547 2511 Groot,
575 2473 634 2512 Op.
658 2483 686 2502 e.
715 2470 768 2502 40.
795 2471 809 2511 §i
835 2469 865 2500 3.

276 2534 308 2571 o)
358 2536 463 2575 Opere
490 2535 546 2565 cit.
574 2534 589 2575 χῖ
614 2532 691 2564 603.

280 2596 307 2635 ¹)

359 2599 428 2627 Lex.
456 2595 486 2627 7.
516 2597 584 2635 big.
612 2597 651 2625 dc
677 2596 847 2626 Communi
878 2595 1073 2624 Dixidundn,
