1711 3047
863 158 944 202 ³20

750 337 976 389 CAPUT
1011 340 1056 387 I.

688 493 736 517 m:
767 493 916 519 CALVINI
946 493 1111 519 INGENIO.

802 641 1000 656 400——

310 766 377 809 De
412 766 583 826 singulis
618 766 774 826 ingenii
814 767 1114 822 facultatibus,
1154 782 1254 826 quas
1289 769 1336 811 in
1373 769 1552 815 laudatis

250 859 426 888 cALvnu
443 845 607 904 scriptis
621 847 917 904 conspicimus,
931 846 1099 901 dicturi,
1114 846 1174 888 ita
1189 846 1394 905 procedet
1406 860 1551 892 nostra

248 922 506 981 disquisitio,
539 935 587 966 ut
620 925 804 983 primum
841 940 1010 983 agamus
1044 924 1098 968 de
1122 925 1320 969 facultate
1348 942 1415 969 res
1440 943 1549 970 eom-

239 1002 557 1059 prehendendi,
577 1002 732 1045 deinde
756 1002 809 1046 de
838 1003 1040 1046 facultate
1062 1019 1131 1047 eas
1153 1006 1454 1060 conservandi,
1476 1005 1550 1049 de-

245 1081 374 1138 nique
405 1080 458 1124 de
487 1081 687 1124 facultate
718 1096 787 1123 eas
810 1080 1073 1124 elaborandi.

847 1237 954 1300 §L

595 1393 979 1454 Comprehendendi
994 1394 1202 1454 facultas.

307 1555 415 1595 Cum
453 1562 640 1595 caeteras
676 1553 836 1611 ingenii
873 1553 981 1595 vires
1019 1551 1249 1611 praecedat
1283 1553 1546 1613 intelligendi

245 1631 444 1685 facultas,
467 1633 556 1673 sine
574 1646 654 1688 qua
672 1646 800 1673 nemo
819 1631 1026 1689 praeclari
1046 1630 1146 1688 quid
1164 1642 1376 1689 praestare
1392 1635 1545 1690 possit,

245 1708 298 1751 de
330 1725 381 1751 ea
411 1710 597 1768 primum
629 1708 856 1750 dicendum
884 1718 961 1751 est.
1024 1708 1229 1750 Naturam
1263 1720 1456 1767 expertus
1484 1720 1547 1753 est

245 1802 454 1829 CALvas
482 1797 662 1827 matrem
696 1787 946 1843 benignam:
988 1785 1238 1827 difficillima
1268 1789 1395 1829 etiam
1425 1789 1547 1829 intel-

247 1866 363 1908 lectu
400 1862 814 1922 comprehendebat3
848 1878 929 1904 nec
956 1873 1118 1903 tantum
1147 1878 1214 1904 res
1250 1864 1388 1905 verbis
1420 1864 1545 1922 signi-

245 1955 387 1998 catas,
420 1941 495 1984 sed
517 1942 736 1994 homines,
769 1956 916 1982 eorum
941 1940 1155 1993 indolem,
1190 1940 1386 1995 consilia,
1416 1943 1546 1984 affec·

244 2024 383 2065 tiones
421 2021 587 2079 penitus
631 2030 874 2078 perspectas
903 2019 1108 2071 habebat,
1143 2018 1257 2076 quod
1288 2035 1339 2061 ex
1373 2035 1545 2078 praece—

242 2100 438 2143 dentibus
479 2099 575 2141 satis
607 2113 814 2156 superque
855 2097 1009 2155 patuit.
1078 2097 1303 2139 Praeterea
1347 2098 1547 2157 singulari

243 2178 458 2238 praeditus
475 2178 555 2219 fuit
574 2177 812 2218 intellectus
832 2176 1085 2217 dexteritate
1110 2186 1152 2218 et
1175 2160 1400 2219 celeritate.
1442 2177 1547 2220 Inde

246 2257 477 2300 derivanda
503 2258 589 2312 ejus
625 2255 827 2313 primaria
854 2255 900 2295 in
933 2253 1251 2312 interpretando
1281 2255 1431 2308 virtus,
1465 2257 1545 2312 qua

245 2338 334 2379 sine
364 2350 519 2394 magno
543 2334 690 2376 labore
715 2333 942 2375 verborum
966 2348 1130 2374 sensum
1156 2331 1543 2390 comprehendebat

244 2426 287 2458 et
321 2413 575 2473 explicabat.
638 2411 747 2453 Nam
777 2413 864 2468 ejus
895 2411 1222 2452 commentarios
1256 2421 1450 2451 accurate
1484 2410 1543 2452 le-

242 2494 380 2553 genti,
416 2491 681 2535 manifestum
713 2500 794 2545 est,
825 2489 993 2531 facilem
1025 2489 1148 2531 fuisse
1187 2504 1371 2531 CALvmo
1405 2489 1542 2543 viam,

244 2584 290 2615 ut
319 2571 418 2631 quid
449 2569 633 2615 dicendo
656 2570 723 2612 vel
748 2568 974 2612 scribendo
1008 2569 1194 2611 innuerit
1217 2569 1329 2626 quis,
1368 2583 1541 2626 cognos-
