<?xml version="1.0" encoding="UTF-8"?>
<!DOCTYPE html PUBLIC "-//W3C//DTD XHTML 1.0 Transitional//EN"
    "http://www.w3.org/TR/xhtml1/DTD/xhtml1-transitional.dtd">
<html xmlns="http://www.w3.org/1999/xhtml" xml:lang="en" lang="en">
 <head>
  <title>
</title>
<meta http-equiv="Content-Type" content="text/html;charset=utf-8" />
  <meta name='ocr-system' content='tesseract 3.04.00' />
  <meta name='ocr-capabilities' content='ocr_page ocr_carea ocr_par ocr_line ocrx_word'/>
</head>
<body>
  <div class='ocr_page' id='page_1' title='image "./disquisitiodecal00esch_0094.png"; bbox 0 0 1711 3047; ppageno 0'>
   <div class='ocr_carea' id='block_1_1' title="bbox 801 164 855 205">
    <p class='ocr_par' dir='ltr' id='par_1_1' title="bbox 801 164 855 205">
     <span class='ocr_line' id='line_1_1' title="bbox 801 164 855 205; baseline -0.019 0"><span class='ocrx_word' id='word_1_1' title='bbox 801 164 855 205; x_wconf 79' lang='lat'>78</span> 
     </span>
    </p>
   </div>
   <div class='ocr_carea' id='block_1_2' title="bbox 165 302 1476 2238">
    <p class='ocr_par' dir='ltr' id='par_1_2' title="bbox 165 302 1476 2238">
     <span class='ocr_line' id='line_1_2' title="bbox 178 302 1475 358; baseline 0.003 -11"><span class='ocrx_word' id='word_1_2' title='bbox 178 303 390 357; x_wconf 87' lang='lat' dir='ltr'>formulis,</span> <span class='ocrx_word' id='word_1_3' title='bbox 425 303 469 344; x_wconf 90' lang='lat' dir='ltr'>in</span> <span class='ocrx_word' id='word_1_4' title='bbox 504 302 554 346; x_wconf 88' lang='lat' dir='ltr'>V.</span> <span class='ocrx_word' id='word_1_5' title='bbox 585 303 636 346; x_wconf 89' lang='lat' dir='ltr'>T.</span> <span class='ocrx_word' id='word_1_6' title='bbox 671 303 832 358; x_wconf 83' lang='lat' dir='ltr'>obviis,</span> <span class='ocrx_word' id='word_1_7' title='bbox 870 303 1074 347; x_wconf 89' lang='lat' dir='ltr'>similibus</span> <span class='ocrx_word' id='word_1_8' title='bbox 1107 307 1152 349; x_wconf 91' lang='lat' dir='ltr'>in</span> <span class='ocrx_word' id='word_1_9' title='bbox 1181 307 1237 352; x_wconf 91' lang='lat' dir='ltr'>N.</span> <span class='ocrx_word' id='word_1_10' title='bbox 1274 308 1325 352; x_wconf 88' lang='lat' dir='ltr'>T.</span> <span class='ocrx_word' id='word_1_11' title='bbox 1358 309 1475 352; x_wconf 88' lang='lat' dir='ltr'>libris</span> 
     </span>
     <span class='ocr_line' id='line_1_3' title="bbox 176 381 1476 442; baseline 0.005 -18"><span class='ocrx_word' id='word_1_12' title='bbox 176 382 494 424; x_wconf 89' lang='lat' dir='ltr'>occurrentibus</span> <span class='ocrx_word' id='word_1_13' title='bbox 527 381 667 424; x_wconf 86' lang='lat' dir='ltr'>lucem</span> <span class='ocrx_word' id='word_1_14' title='bbox 700 382 851 437; x_wconf 80' lang='lat' dir='ltr'>affert3</span> <span class='ocrx_word' id='word_1_15' title='bbox 887 383 947 425; x_wconf 89' lang='lat' dir='ltr'>sic</span> <span class='ocrx_word' id='word_1_16' title='bbox 979 398 1143 428; x_wconf 75' lang='lat' dir='ltr'>MA&#39;rrH.</span> <span class='ocrx_word' id='word_1_17' title='bbox 1168 386 1288 442; x_wconf 88' lang='lat' dir='ltr'>XIX,</span> <span class='ocrx_word' id='word_1_18' title='bbox 1326 388 1393 431; x_wconf 82' lang='lat'>13.</span> <span class='ocrx_word' id='word_1_19' title='bbox 1420 387 1476 430; x_wconf 87' lang='lat' dir='ltr'>ad</span> 
     </span>
     <span class='ocr_line' id='line_1_4' title="bbox 174 461 1471 525; baseline 0.005 -23"><span class='ocrx_word' id='word_1_20' title='bbox 174 462 246 504; x_wconf 75' lang='grc' dir='ltr'>ἵνα</span> <span class='ocrx_word' id='word_1_21' title='bbox 281 464 354 510; x_wconf 83' lang='grc' dir='ltr'>τὰς</span> <span class='ocrx_word' id='word_1_22' title='bbox 393 465 524 517; x_wconf 70' lang='grc' dir='ltr'><em>χεῖρας</em></span> <span class='ocrx_word' id='word_1_23' title='bbox 552 464 679 517; x_wconf 79' lang='grc' dir='ltr'>ἐπιθῇ</span> <span class='ocrx_word' id='word_1_24' title='bbox 711 463 847 510; x_wconf 71' lang='grc' dir='ltr'><em>ἀυτοῒς</em></span> <span class='ocrx_word' id='word_1_25' title='bbox 877 461 955 503; x_wconf 84' lang='lat' dir='ltr'>ait:</span> <span class='ocrx_word' id='word_1_26' title='bbox 999 477 1222 506; x_wconf 84' lang='lat' dir='ltr'>»manuum</span> <span class='ocrx_word' id='word_1_27' title='bbox 1254 467 1471 525; x_wconf 83' lang='lat' dir='ltr'>impositio</span> 
     </span>
     <span class='ocr_line' id='line_1_5' title="bbox 173 539 1473 601; baseline 0.003 -19"><span class='ocrx_word' id='word_1_28' title='bbox 173 550 317 583; x_wconf 77' lang='lat' dir='ltr'>»vetus</span> <span class='ocrx_word' id='word_1_29' title='bbox 353 550 395 582; x_wconf 89' lang='lat' dir='ltr'>et</span> <span class='ocrx_word' id='word_1_30' title='bbox 424 540 592 582; x_wconf 81' lang='lat' dir='ltr'>celebre</span> <span class='ocrx_word' id='word_1_31' title='bbox 627 539 739 598; x_wconf 81' lang='lat' dir='ltr'>apud</span> <span class='ocrx_word' id='word_1_32' title='bbox 778 539 959 581; x_wconf 83' lang='lat' dir='ltr'>Judaeos</span> <span class='ocrx_word' id='word_1_33' title='bbox 993 540 1274 584; x_wconf 90' lang='lat' dir='ltr'>benedicendi</span> <span class='ocrx_word' id='word_1_34' title='bbox 1301 545 1473 601; x_wconf 82' lang='lat' dir='ltr'>symbo-</span> 
     </span>
     <span class='ocr_line' id='line_1_6' title="bbox 173 617 1471 678; baseline 0.003 -19"><span class='ocrx_word' id='word_1_35' title='bbox 173 618 285 660; x_wconf 74' lang='lat' dir='ltr'>»lum</span> <span class='ocrx_word' id='word_1_36' title='bbox 307 628 411 660; x_wconf 88' lang='lat' dir='ltr'>erat.</span> <span class='ocrx_word' id='word_1_37' title='bbox 466 617 570 660; x_wconf 86' lang='lat' dir='ltr'>Ideo</span> <span class='ocrx_word' id='word_1_38' title='bbox 589 618 694 659; x_wconf 89' lang='lat' dir='ltr'>nihil</span> <span class='ocrx_word' id='word_1_39' title='bbox 717 618 895 671; x_wconf 85' lang='lat' dir='ltr'>mirum,</span> <span class='ocrx_word' id='word_1_40' title='bbox 921 618 955 659; x_wconf 90' lang='lat' dir='ltr'>si</span> <span class='ocrx_word' id='word_1_41' title='bbox 977 633 1196 661; x_wconf 75' lang='lat' dir='ltr'>cnmsrmu</span> <span class='ocrx_word' id='word_1_42' title='bbox 1211 635 1290 677; x_wconf 88' lang='lat' dir='ltr'>pro</span> <span class='ocrx_word' id='word_1_43' title='bbox 1312 622 1471 678; x_wconf 87' lang='lat' dir='ltr'>pueris,</span> 
     </span>
     <span class='ocr_line' id='line_1_7' title="bbox 173 695 1470 757; baseline 0.003 -20"><span class='ocrx_word' id='word_1_44' title='bbox 173 695 385 738; x_wconf 68' lang='lat' dir='ltr'>»adhibita</span> <span class='ocrx_word' id='word_1_45' title='bbox 425 697 605 738; x_wconf 88' lang='lat' dir='ltr'>sollenni</span> <span class='ocrx_word' id='word_1_46' title='bbox 637 696 916 750; x_wconf 67' lang='lat' dir='ltr'>caerimonia,</span> <span class='ocrx_word' id='word_1_47' title='bbox 947 698 1114 754; x_wconf 86' lang='lat' dir='ltr'>precari</span> <span class='ocrx_word' id='word_1_48' title='bbox 1151 698 1343 755; x_wconf 84' lang='lat' dir='ltr'>cupiant”</span> <span class='ocrx_word' id='word_1_49' title='bbox 1382 699 1470 757; x_wconf 87' lang='lat'>(1);</span> 
     </span>
     <span class='ocr_line' id='line_1_8' title="bbox 169 774 1473 830; baseline 0.002 -15"><span class='ocrx_word' id='word_1_50' title='bbox 169 774 273 816; x_wconf 89' lang='lat' dir='ltr'>item</span> <span class='ocrx_word' id='word_1_51' title='bbox 314 789 438 817; x_wconf 78' lang='lat' dir='ltr'>JoAN.</span> <span class='ocrx_word' id='word_1_52' title='bbox 479 775 562 827; x_wconf 88' lang='lat' dir='ltr'>IX,</span> <span class='ocrx_word' id='word_1_53' title='bbox 599 776 671 825; x_wconf 70' lang='lat'>24.</span> <span class='ocrx_word' id='word_1_54' title='bbox 709 775 776 823; x_wconf 84' lang='grc' dir='ltr'>δὸς</span> <span class='ocrx_word' id='word_1_55' title='bbox 812 776 938 824; x_wconf 81' lang='grc' dir='ltr'><em>δόξαν</em></span> <span class='ocrx_word' id='word_1_56' title='bbox 975 780 1086 830; x_wconf 75' lang='grc' dir='ltr'>θεῷ,</span> <span class='ocrx_word' id='word_1_57' title='bbox 1127 776 1351 818; x_wconf 84' lang='lat' dir='ltr'>»sollennis</span> <span class='ocrx_word' id='word_1_58' title='bbox 1386 777 1473 818; x_wconf 87' lang='lat' dir='ltr'>for-</span> 
     </span>
     <span class='ocr_line' id='line_1_9' title="bbox 171 851 1474 910; baseline 0.002 -16"><span class='ocrx_word' id='word_1_59' title='bbox 171 853 332 907; x_wconf 82' lang='lat' dir='ltr'>»mula,</span> <span class='ocrx_word' id='word_1_60' title='bbox 368 868 473 909; x_wconf 87' lang='lat' dir='ltr'>quae</span> <span class='ocrx_word' id='word_1_61' title='bbox 504 851 694 894; x_wconf 84' lang='lat' dir='ltr'>adhiberi</span> <span class='ocrx_word' id='word_1_62' title='bbox 721 852 909 906; x_wconf 82' lang='lat' dir='ltr'>solebat,</span> <span class='ocrx_word' id='word_1_63' title='bbox 944 869 1072 910; x_wconf 92' lang='lat' dir='ltr'>quum</span> <span class='ocrx_word' id='word_1_64' title='bbox 1101 853 1393 910; x_wconf 85' lang='lat' dir='ltr'>jusjurandum</span> <span class='ocrx_word' id='word_1_65' title='bbox 1419 855 1474 898; x_wconf 88' lang='lat' dir='ltr'>ab</span> 
     </span>
     <span class='ocr_line' id='line_1_10' title="bbox 169 930 1474 989; baseline 0.002 -17"><span class='ocrx_word' id='word_1_66' title='bbox 169 932 335 988; x_wconf 77' lang='lat' dir='ltr'>»aliquo</span> <span class='ocrx_word' id='word_1_67' title='bbox 356 932 570 989; x_wconf 80' lang='lat' dir='ltr'>exigerent</span> <span class='ocrx_word' id='word_1_68' title='bbox 591 930 679 974; x_wconf 87' lang='lat' dir='ltr'>vid.</span> <span class='ocrx_word' id='word_1_69' title='bbox 701 946 784 973; x_wconf 79' lang='lat' dir='ltr'>sos.</span> <span class='ocrx_word' id='word_1_70' title='bbox 804 931 909 985; x_wconf 80' lang='lat' dir='ltr'>VII,</span> <span class='ocrx_word' id='word_1_71' title='bbox 938 946 1009 988; x_wconf 85' lang='lat'>29.</span> <span class='ocrx_word' id='word_1_72' title='bbox 1073 931 1310 974; x_wconf 86' lang='lat' dir='ltr'>Monebant</span> <span class='ocrx_word' id='word_1_73' title='bbox 1334 943 1474 975; x_wconf 87' lang='lat' dir='ltr'>autem</span> 
     </span>
     <span class='ocr_line' id='line_1_11' title="bbox 169 1009 1473 1068; baseline 0.003 -20"><span class='ocrx_word' id='word_1_74' title='bbox 169 1009 257 1051; x_wconf 81' lang='lat' dir='ltr'>»his</span> <span class='ocrx_word' id='word_1_75' title='bbox 279 1009 439 1061; x_wconf 88' lang='lat' dir='ltr'>verbis,</span> <span class='ocrx_word' id='word_1_76' title='bbox 471 1024 561 1050; x_wconf 86' lang='lat' dir='ltr'>non</span> <span class='ocrx_word' id='word_1_77' title='bbox 584 1009 668 1051; x_wconf 85' lang='lat' dir='ltr'>levi</span> <span class='ocrx_word' id='word_1_78' title='bbox 699 1009 956 1051; x_wconf 83' lang='lat' dir='ltr'>contumelia</span> <span class='ocrx_word' id='word_1_79' title='bbox 987 1010 1099 1051; x_wconf 83' lang='lat' dir='ltr'>affici</span> <span class='ocrx_word' id='word_1_80' title='bbox 1128 1011 1289 1064; x_wconf 88' lang='lat' dir='ltr'>Deum,</span> <span class='ocrx_word' id='word_1_81' title='bbox 1319 1012 1352 1052; x_wconf 93' lang='lat' dir='ltr'>si</span> <span class='ocrx_word' id='word_1_82' title='bbox 1383 1012 1473 1068; x_wconf 87' lang='lat' dir='ltr'>quis</span> 
     </span>
     <span class='ocr_line' id='line_1_12' title="bbox 170 1086 1472 1146; baseline 0 -16"><span class='ocrx_word' id='word_1_83' title='bbox 170 1103 273 1146; x_wconf 78' lang='lat' dir='ltr'>»per</span> <span class='ocrx_word' id='word_1_84' title='bbox 298 1090 385 1144; x_wconf 86' lang='lat' dir='ltr'>ejus</span> <span class='ocrx_word' id='word_1_85' title='bbox 412 1102 569 1129; x_wconf 87' lang='lat' dir='ltr'>nomen</span> <span class='ocrx_word' id='word_1_86' title='bbox 595 1086 783 1129; x_wconf 87' lang='lat' dir='ltr'>falleret’&#39;</span> <span class='ocrx_word' id='word_1_87' title='bbox 805 1087 882 1144; x_wconf 80' lang='lat'><strong>(2).</strong></span> <span class='ocrx_word' id='word_1_88' title='bbox 947 1086 1066 1140; x_wconf 87' lang='lat' dir='ltr'>Quae</span> <span class='ocrx_word' id='word_1_89' title='bbox 1092 1088 1137 1128; x_wconf 89' lang='lat' dir='ltr'>in</span> <span class='ocrx_word' id='word_1_90' title='bbox 1158 1103 1311 1145; x_wconf 88' lang='lat' dir='ltr'>genere</span> <span class='ocrx_word' id='word_1_91' title='bbox 1327 1087 1472 1130; x_wconf 89' lang='lat' dir='ltr'>dicun-</span> 
     </span>
     <span class='ocr_line' id='line_1_13' title="bbox 168 1163 1468 1222; baseline 0.002 -16"><span class='ocrx_word' id='word_1_92' title='bbox 168 1175 256 1219; x_wconf 86' lang='lat' dir='ltr'><strong>tur,</strong></span> <span class='ocrx_word' id='word_1_93' title='bbox 286 1166 331 1206; x_wconf 90' lang='lat' dir='ltr'>in</span> <span class='ocrx_word' id='word_1_94' title='bbox 344 1166 483 1222; x_wconf 88' lang='lat' dir='ltr'>specie</span> <span class='ocrx_word' id='word_1_95' title='bbox 500 1180 588 1207; x_wconf 88' lang='lat' dir='ltr'>esse</span> <span class='ocrx_word' id='word_1_96' title='bbox 603 1163 807 1205; x_wconf 89' lang='lat' dir='ltr'>sumenda</span> <span class='ocrx_word' id='word_1_97' title='bbox 832 1179 882 1205; x_wconf 90' lang='lat' dir='ltr'>ex</span> <span class='ocrx_word' id='word_1_98' title='bbox 898 1163 950 1206; x_wconf 87' lang='lat' dir='ltr'>V.</span> <span class='ocrx_word' id='word_1_99' title='bbox 968 1165 1021 1207; x_wconf 88' lang='grc' dir='ltr'>Τ.</span> <span class='ocrx_word' id='word_1_100' title='bbox 1043 1164 1193 1218; x_wconf 88' lang='lat' dir='ltr'>docet,</span> <span class='ocrx_word' id='word_1_101' title='bbox 1214 1180 1314 1207; x_wconf 82' lang='lat' dir='ltr'><strong>LUC.</strong></span> <span class='ocrx_word' id='word_1_102' title='bbox 1335 1166 1377 1219; x_wconf 90' lang='lat' dir='ltr'>I,</span> <span class='ocrx_word' id='word_1_103' title='bbox 1399 1181 1468 1208; x_wconf 88' lang='lat'>21.</span> 
     </span>
     <span class='ocr_line' id='line_1_14' title="bbox 169 1242 1471 1301; baseline -0.002 -13"><span class='ocrx_word' id='word_1_104' title='bbox 169 1247 214 1288; x_wconf 73' lang='grc' dir='ltr'>ἐν</span> <span class='ocrx_word' id='word_1_105' title='bbox 230 1248 287 1298; x_wconf 82' lang='grc' dir='ltr'>τῷ</span> <span class='ocrx_word' id='word_1_106' title='bbox 309 1244 506 1300; x_wconf 75' lang='grc' dir='ltr'><em>χρονίζειν</em></span> <span class='ocrx_word' id='word_1_107' title='bbox 529 1244 654 1286; x_wconf 77' lang='grc' dir='ltr'><em>ἄυτὸν</em></span> <span class='ocrx_word' id='word_1_108' title='bbox 673 1245 718 1286; x_wconf 77' lang='grc' dir='ltr'>ἐν</span> <span class='ocrx_word' id='word_1_109' title='bbox 742 1245 798 1297; x_wconf 84' lang='grc' dir='ltr'>τῷ</span> <span class='ocrx_word' id='word_1_110' title='bbox 821 1245 922 1298; x_wconf 78' lang='grc' dir='ltr'>ναῷ.</span> <span class='ocrx_word' id='word_1_111' title='bbox 985 1242 1181 1300; x_wconf 80' lang='lat' dir='ltr'>»Templi</span> <span class='ocrx_word' id='word_1_112' title='bbox 1207 1257 1366 1284; x_wconf 90' lang='lat' dir='ltr'>nomen</span> <span class='ocrx_word' id='word_1_113' title='bbox 1391 1258 1471 1301; x_wconf 88' lang='lat' dir='ltr'>pro</span> 
     </span>
     <span class='ocr_line' id='line_1_15' title="bbox 167 1319 1470 1379; baseline 0.003 -19"><span class='ocrx_word' id='word_1_114' title='bbox 167 1323 346 1364; x_wconf 75' lang='lat' dir='ltr'>»Sancto</span> <span class='ocrx_word' id='word_1_115' title='bbox 366 1321 593 1378; x_wconf 86' lang='lat' dir='ltr'>accipitur,</span> <span class='ocrx_word' id='word_1_116' title='bbox 611 1321 684 1362; x_wconf 92' lang='lat' dir='ltr'>ubi</span> <span class='ocrx_word' id='word_1_117' title='bbox 707 1320 837 1362; x_wconf 86' lang='lat' dir='ltr'>altare</span> <span class='ocrx_word' id='word_1_118' title='bbox 850 1319 1011 1362; x_wconf 80' lang='lat' dir='ltr'>suffitus</span> <span class='ocrx_word' id='word_1_119' title='bbox 1032 1331 1136 1363; x_wconf 88' lang='lat' dir='ltr'>erat.</span> <span class='ocrx_word' id='word_1_120' title='bbox 1170 1320 1274 1362; x_wconf 89' lang='lat' dir='ltr'>Inde</span> <span class='ocrx_word' id='word_1_121' title='bbox 1296 1332 1470 1379; x_wconf 85' lang='lat' dir='ltr'>peracto</span> 
     </span>
     <span class='ocr_line' id='line_1_16' title="bbox 168 1398 1469 1458; baseline 0 -16"><span class='ocrx_word' id='word_1_122' title='bbox 168 1415 315 1442; x_wconf 73' lang='lat' dir='ltr'>»sacro</span> <span class='ocrx_word' id='word_1_123' title='bbox 334 1399 477 1458; x_wconf 86' lang='lat' dir='ltr'>egredi</span> <span class='ocrx_word' id='word_1_124' title='bbox 493 1399 686 1441; x_wconf 85' lang='lat' dir='ltr'>solebant</span> <span class='ocrx_word' id='word_1_125' title='bbox 704 1398 944 1441; x_wconf 86' lang='lat' dir='ltr'>sacerdotes</span> <span class='ocrx_word' id='word_1_126' title='bbox 964 1399 1011 1440; x_wconf 87' lang='lat' dir='ltr'>in</span> <span class='ocrx_word' id='word_1_127' title='bbox 1026 1414 1147 1440; x_wconf 91' lang='lat' dir='ltr'>suum</span> <span class='ocrx_word' id='word_1_128' title='bbox 1161 1400 1336 1454; x_wconf 86' lang='lat' dir='ltr'>atrium,</span> <span class='ocrx_word' id='word_1_129' title='bbox 1356 1399 1469 1442; x_wconf 91' lang='lat' dir='ltr'>unde</span> 
     </span>
     <span class='ocr_line' id='line_1_17' title="bbox 168 1476 1471 1536; baseline 0.003 -20"><span class='ocrx_word' id='word_1_130' title='bbox 168 1478 357 1536; x_wconf 75' lang='lat' dir='ltr'>»populo</span> <span class='ocrx_word' id='word_1_131' title='bbox 392 1476 717 1520; x_wconf 86' lang='lat' dir='ltr'>benedicerent”</span> <span class='ocrx_word' id='word_1_132' title='bbox 753 1476 830 1534; x_wconf 81' lang='lat'><strong>(3).</strong></span> <span class='ocrx_word' id='word_1_133' title='bbox 893 1476 1031 1518; x_wconf 91' lang='lat' dir='ltr'>Porro</span> <span class='ocrx_word' id='word_1_134' title='bbox 1078 1488 1273 1520; x_wconf 85' lang='lat' dir='ltr'>accurata</span> <span class='ocrx_word' id='word_1_135' title='bbox 1306 1487 1471 1520; x_wconf 84' lang='lat' dir='ltr'>tantum</span> 
     </span>
     <span class='ocr_line' id='line_1_18' title="bbox 165 1555 1466 1613; baseline -0.001 -15"><span class='ocrx_word' id='word_1_136' title='bbox 165 1557 366 1598; x_wconf 89' lang='lat' dir='ltr'>historiae</span> <span class='ocrx_word' id='word_1_137' title='bbox 406 1555 661 1597; x_wconf 85' lang='lat' dir='ltr'>Israeliticae</span> <span class='ocrx_word' id='word_1_138' title='bbox 703 1555 947 1613; x_wconf 85' lang='lat' dir='ltr'>cognitione</span> <span class='ocrx_word' id='word_1_139' title='bbox 981 1555 1121 1613; x_wconf 87' lang='lat' dir='ltr'>potuit</span> <span class='ocrx_word' id='word_1_140' title='bbox 1155 1566 1327 1610; x_wconf 84' lang='lat' dir='ltr'>notare,</span> <span class='ocrx_word' id='word_1_141' title='bbox 1366 1556 1466 1598; x_wconf 89' lang='lat' dir='ltr'>Act.</span> 
     </span>
     <span class='ocr_line' id='line_1_19' title="bbox 166 1633 1471 1691; baseline -0.001 -14"><span class='ocrx_word' id='word_1_142' title='bbox 166 1634 269 1689; x_wconf 87' lang='lat' dir='ltr'>VII,</span> <span class='ocrx_word' id='word_1_143' title='bbox 309 1634 381 1691; x_wconf 79' lang='lat'>39.</span> <span class='ocrx_word' id='word_1_144' title='bbox 417 1633 472 1676; x_wconf 89' lang='lat' dir='ltr'>ad</span> <span class='ocrx_word' id='word_1_145' title='bbox 509 1635 578 1677; x_wconf 82' lang='grc' dir='ltr'>καὶ</span> <span class='ocrx_word' id='word_1_146' title='bbox 617 1637 867 1690; x_wconf 80' lang='grc' dir='ltr'><strong><em>ἐστράφησαν</em></strong></span> <span class='ocrx_word' id='word_1_147' title='bbox 898 1639 987 1684; x_wconf 79' lang='grc' dir='ltr'>ταῖς</span> <span class='ocrx_word' id='word_1_148' title='bbox 1019 1635 1205 1691; x_wconf 78' lang='grc' dir='ltr'><em>καρδίαις</em></span> <span class='ocrx_word' id='word_1_149' title='bbox 1242 1637 1379 1680; x_wconf 78' lang='grc' dir='ltr'><em>αὐτῶν</em></span> <span class='ocrx_word' id='word_1_150' title='bbox 1415 1637 1471 1685; x_wconf 73' lang='grc' dir='ltr'>εἰς</span> 
     </span>
     <span class='ocr_line' id='line_1_20' title="bbox 168 1712 1468 1769; baseline -0.001 -13"><span class='ocrx_word' id='word_1_151' title='bbox 168 1715 442 1766; x_wconf 66' lang='grc' dir='ltr'><em>»Αἴγυπτους</em></span> <span class='ocrx_word' id='word_1_152' title='bbox 479 1729 644 1754; x_wconf 86' lang='lat' dir='ltr'>aversos</span> <span class='ocrx_word' id='word_1_153' title='bbox 684 1712 884 1754; x_wconf 85' lang='lat' dir='ltr'>cordibus</span> <span class='ocrx_word' id='word_1_154' title='bbox 923 1713 1049 1766; x_wconf 84' lang='lat' dir='ltr'>dicit,</span> <span class='ocrx_word' id='word_1_155' title='bbox 1089 1729 1176 1754; x_wconf 89' lang='lat' dir='ltr'>non</span> <span class='ocrx_word' id='word_1_156' title='bbox 1214 1713 1327 1769; x_wconf 90' lang='lat' dir='ltr'>quod</span> <span class='ocrx_word' id='word_1_157' title='bbox 1365 1714 1468 1755; x_wconf 88' lang='lat' dir='ltr'>illuc</span> 
     </span>
     <span class='ocr_line' id='line_1_21' title="bbox 168 1789 1468 1848; baseline -0.002 -15"><span class='ocrx_word' id='word_1_158' title='bbox 168 1792 349 1833; x_wconf 79' lang='lat' dir='ltr'>»reverti</span> <span class='ocrx_word' id='word_1_159' title='bbox 381 1791 587 1848; x_wconf 84' lang='lat' dir='ltr'>optarint,</span> <span class='ocrx_word' id='word_1_160' title='bbox 618 1789 692 1831; x_wconf 91' lang='lat' dir='ltr'>sed</span> <span class='ocrx_word' id='word_1_161' title='bbox 722 1790 821 1846; x_wconf 82' lang='lat' dir='ltr'>quia</span> <span class='ocrx_word' id='word_1_162' title='bbox 853 1792 1015 1830; x_wconf 90' lang='lat' dir='ltr'>animos</span> <span class='ocrx_word' id='word_1_163' title='bbox 1050 1789 1288 1831; x_wconf 87' lang='lat' dir='ltr'>reflexerint</span> <span class='ocrx_word' id='word_1_164' title='bbox 1318 1790 1370 1831; x_wconf 87' lang='lat' dir='ltr'>ad</span> <span class='ocrx_word' id='word_1_165' title='bbox 1399 1806 1468 1831; x_wconf 90' lang='lat' dir='ltr'>eas</span> 
     </span>
     <span class='ocr_line' id='line_1_22' title="bbox 167 1866 1469 1928; baseline -0.002 -17"><span class='ocrx_word' id='word_1_166' title='bbox 167 1869 474 1928; x_wconf 75' lang='lat' dir='ltr'>»corruptelas,</span> <span class='ocrx_word' id='word_1_167' title='bbox 522 1883 699 1925; x_wconf 87' lang='lat' dir='ltr'>quarum</span> <span class='ocrx_word' id='word_1_168' title='bbox 748 1867 864 1909; x_wconf 83' lang='lat' dir='ltr'>nulla</span> <span class='ocrx_word' id='word_1_169' title='bbox 911 1866 993 1907; x_wconf 87' lang='lat' dir='ltr'>illis</span> <span class='ocrx_word' id='word_1_170' title='bbox 1039 1867 1246 1908; x_wconf 84' lang='lat' dir='ltr'>memoria</span> <span class='ocrx_word' id='word_1_171' title='bbox 1297 1882 1469 1909; x_wconf 84' lang='lat' dir='ltr'>manere</span> 
     </span>
     <span class='ocr_line' id='line_1_23' title="bbox 168 1943 1466 2000; baseline -0.001 -14"><span class='ocrx_word' id='word_1_172' title='bbox 168 1946 421 2000; x_wconf 83' lang='lat' dir='ltr'>»debuerat,</span> <span class='ocrx_word' id='word_1_173' title='bbox 453 1946 531 1988; x_wconf 85' lang='lat' dir='ltr'>nisi</span> <span class='ocrx_word' id='word_1_174' title='bbox 556 1961 652 1987; x_wconf 88' lang='lat' dir='ltr'>cum</span> <span class='ocrx_word' id='word_1_175' title='bbox 677 1960 838 1986; x_wconf 84' lang='lat' dir='ltr'>summa</span> <span class='ocrx_word' id='word_1_176' title='bbox 865 1944 1151 1985; x_wconf 85' lang='lat' dir='ltr'>exsecratione</span> <span class='ocrx_word' id='word_1_177' title='bbox 1179 1953 1221 1984; x_wconf 87' lang='lat' dir='ltr'>et</span> <span class='ocrx_word' id='word_1_178' title='bbox 1247 1943 1369 1984; x_wconf 92' lang='lat' dir='ltr'>odio”</span> <span class='ocrx_word' id='word_1_179' title='bbox 1391 1943 1466 2000; x_wconf 75' lang='grc'>(4).</span> 
     </span>
     <span class='ocr_line' id='line_1_24' title="bbox 166 2021 1469 2079; baseline -0.003 -13"><span class='ocrx_word' id='word_1_180' title='bbox 166 2024 212 2066; x_wconf 88' lang='lat' dir='ltr'>Si</span> <span class='ocrx_word' id='word_1_181' title='bbox 245 2024 429 2066; x_wconf 89' lang='lat' dir='ltr'>hominis</span> <span class='ocrx_word' id='word_1_182' title='bbox 471 2021 687 2079; x_wconf 85' lang='lat' dir='ltr'>cujusdam</span> <span class='ocrx_word' id='word_1_183' title='bbox 726 2022 887 2063; x_wconf 84' lang='lat' dir='ltr'>mentio</span> <span class='ocrx_word' id='word_1_184' title='bbox 917 2021 1155 2076; x_wconf 84' lang='lat' dir='ltr'>injiciatur,</span> <span class='ocrx_word' id='word_1_185' title='bbox 1195 2037 1275 2063; x_wconf 91' lang='lat' dir='ltr'>nec</span> <span class='ocrx_word' id='word_1_186' title='bbox 1307 2032 1469 2063; x_wconf 88' lang='lat' dir='ltr'>certum</span> 
     </span>
     <span class='ocr_line' id='line_1_25' title="bbox 166 2099 1470 2159; baseline -0.002 -15"><span class='ocrx_word' id='word_1_187' title='bbox 166 2103 239 2157; x_wconf 89' lang='lat' dir='ltr'>sit,</span> <span class='ocrx_word' id='word_1_188' title='bbox 270 2103 472 2159; x_wconf 85' lang='lat' dir='ltr'>quoniam</span> <span class='ocrx_word' id='word_1_189' title='bbox 491 2101 576 2143; x_wconf 91' lang='lat' dir='ltr'>duo</span> <span class='ocrx_word' id='word_1_190' title='bbox 598 2100 784 2156; x_wconf 86' lang='lat' dir='ltr'>ejusdem</span> <span class='ocrx_word' id='word_1_191' title='bbox 803 2100 987 2141; x_wconf 88' lang='lat' dir='ltr'>nominis</span> <span class='ocrx_word' id='word_1_192' title='bbox 1007 2110 1236 2141; x_wconf 88' lang='lat' dir='ltr'>occurrunt</span> <span class='ocrx_word' id='word_1_193' title='bbox 1255 2100 1300 2141; x_wconf 93' lang='lat' dir='ltr'>in</span> <span class='ocrx_word' id='word_1_194' title='bbox 1322 2099 1376 2142; x_wconf 87' lang='lat' dir='ltr'>V.</span> <span class='ocrx_word' id='word_1_195' title='bbox 1393 2099 1444 2142; x_wconf 89' lang='lat' dir='ltr'>T.</span> <span class='ocrx_word' id='word_1_196' title='bbox 1458 2132 1470 2154; x_wconf 88' lang='lat'>,</span> 
     </span>
     <span class='ocr_line' id='line_1_26' title="bbox 169 2176 1467 2238; baseline -0.002 -16"><span class='ocrx_word' id='word_1_197' title='bbox 169 2182 262 2238; x_wconf 86' lang='lat' dir='ltr'>quis</span> <span class='ocrx_word' id='word_1_198' title='bbox 305 2181 524 2233; x_wconf 88' lang='lat' dir='ltr'>innuatur,</span> <span class='ocrx_word' id='word_1_199' title='bbox 562 2194 613 2221; x_wconf 85' lang='lat' dir='ltr'>ex</span> <span class='ocrx_word' id='word_1_200' title='bbox 648 2179 822 2220; x_wconf 86' lang='lat' dir='ltr'>historia</span> <span class='ocrx_word' id='word_1_201' title='bbox 865 2177 910 2218; x_wconf 92' lang='lat' dir='ltr'>id</span> <span class='ocrx_word' id='word_1_202' title='bbox 948 2176 1110 2220; x_wconf 86' lang='lat' dir='ltr'>definit.</span> <span class='ocrx_word' id='word_1_203' title='bbox 1151 2193 1190 2220; x_wconf 86' lang='lat' dir='ltr'>e.</span> <span class='ocrx_word' id='word_1_204' title='bbox 1231 2193 1269 2220; x_wconf 91' lang='lat' dir='ltr'>c.</span> <span class='ocrx_word' id='word_1_205' title='bbox 1303 2193 1467 2220; x_wconf 77' lang='lat' dir='ltr'><strong>MATTH.</strong></span> 
     </span>
    </p>
   </div>
   <div class='ocr_carea' id='block_1_3' title="bbox 167 2254 1470 2312">
    <p class='ocr_par' dir='ltr' id='par_1_3' title="bbox 167 2254 1470 2312">
     <span class='ocr_line' id='line_1_27' title="bbox 167 2254 1470 2312; baseline -0.002 -12"><span class='ocrx_word' id='word_1_206' title='bbox 167 2258 332 2312; x_wconf 87' lang='lat' dir='ltr'>XXIII,</span> <span class='ocrx_word' id='word_1_207' title='bbox 366 2257 436 2300; x_wconf 82' lang='lat'>38.</span> <span class='ocrx_word' id='word_1_208' title='bbox 497 2257 647 2299; x_wconf 71' lang='lat' dir='ltr'>»Nulla</span> <span class='ocrx_word' id='word_1_209' title='bbox 677 2266 739 2298; x_wconf 90' lang='lat' dir='ltr'>est</span> <span class='ocrx_word' id='word_1_210' title='bbox 772 2254 979 2297; x_wconf 86' lang='lat' dir='ltr'>dubitatio</span> <span class='ocrx_word' id='word_1_211' title='bbox 995 2255 1028 2308; x_wconf 75' lang='lat'>,⁷⁵</span> <span class='ocrx_word' id='word_1_212' title='bbox 1061 2256 1142 2310; x_wconf 89' lang='lat' dir='ltr'>ait,</span> <span class='ocrx_word' id='word_1_213' title='bbox 1188 2256 1315 2312; x_wconf 79' lang='lat' dir='ltr'>»quin</span> <span class='ocrx_word' id='word_1_214' title='bbox 1347 2271 1470 2297; x_wconf 78' lang='lat' dir='ltr'>cnm-</span> 
     </span>
    </p>
   </div>
   <div class='ocr_carea' id='block_1_4' title="bbox 209 2413 1443 2624">
    <p class='ocr_par' dir='ltr' id='par_1_4' title="bbox 211 2413 910 2458">
     <span class='ocr_line' id='line_1_28' title="bbox 211 2413 910 2458; baseline -0.007 -10"><span class='ocrx_word' id='word_1_215' title='bbox 211 2418 263 2458; x_wconf 86' lang='lat' dir='ltr'>(l)</span> <span class='ocrx_word' id='word_1_216' title='bbox 290 2417 352 2447; x_wconf 82' lang='lat' dir='ltr'>Cff.</span> <span class='ocrx_word' id='word_1_217' title='bbox 379 2425 462 2446; x_wconf 74' lang='lat' dir='ltr'>BEZA</span> <span class='ocrx_word' id='word_1_218' title='bbox 488 2417 524 2445; x_wconf 81' lang='lat' dir='ltr'>et</span> <span class='ocrx_word' id='word_1_219' title='bbox 548 2425 735 2445; x_wconf 68' lang='lat' dir='ltr'>nil-rzscnn</span> <span class='ocrx_word' id='word_1_220' title='bbox 759 2414 800 2444; x_wconf 80' lang='lat' dir='ltr'>nd</span> <span class='ocrx_word' id='word_1_221' title='bbox 824 2414 858 2444; x_wconf 89' lang='lat' dir='ltr'>h.</span> <span class='ocrx_word' id='word_1_222' title='bbox 884 2413 910 2447; x_wconf 80' lang='lat' dir='ltr'>l.</span> 
     </span>
    </p>

    <p class='ocr_par' dir='ltr' id='par_1_5' title="bbox 209 2468 1443 2567">
     <span class='ocr_line' id='line_1_29' title="bbox 209 2468 1443 2514; baseline -0.001 -11"><span class='ocrx_word' id='word_1_223' title='bbox 209 2473 261 2514; x_wconf 86' lang='grc'>(2)</span> <span class='ocrx_word' id='word_1_224' title='bbox 285 2471 346 2503; x_wconf 90' lang='lat' dir='ltr'>Cfi.</span> <span class='ocrx_word' id='word_1_225' title='bbox 372 2480 479 2506; x_wconf 67' lang='lat' dir='ltr'>mszA,</span> <span class='ocrx_word' id='word_1_226' title='bbox 506 2480 696 2507; x_wconf 68' lang='lat' dir='ltr'>mscnon,</span> <span class='ocrx_word' id='word_1_227' title='bbox 724 2479 897 2507; x_wconf 65' lang='lat' dir='ltr'>Rumon,</span> <span class='ocrx_word' id='word_1_228' title='bbox 925 2479 1031 2501; x_wconf 69' lang='lat' dir='ltr'>tucn</span> <span class='ocrx_word' id='word_1_229' title='bbox 1057 2471 1091 2501; x_wconf 83' lang='lat' dir='ltr'>et</span> <span class='ocrx_word' id='word_1_230' title='bbox 1119 2479 1273 2501; x_wconf 75' lang='lat' dir='ltr'>rnotumz</span> <span class='ocrx_word' id='word_1_231' title='bbox 1295 2468 1335 2500; x_wconf 78' lang='lat' dir='ltr'>ad</span> <span class='ocrx_word' id='word_1_232' title='bbox 1355 2468 1392 2502; x_wconf 91' lang='lat' dir='ltr'>h.</span> <span class='ocrx_word' id='word_1_233' title='bbox 1419 2469 1443 2502; x_wconf 89' lang='lat' dir='ltr'>l.</span> 
     </span>
     <span class='ocr_line' id='line_1_30' title="bbox 212 2525 952 2567; baseline -0.004 -9"><span class='ocrx_word' id='word_1_234' title='bbox 212 2528 264 2567; x_wconf 85' lang='lat'>(3)</span> <span class='ocrx_word' id='word_1_235' title='bbox 289 2527 351 2557; x_wconf 82' lang='lat' dir='ltr'>eff.</span> <span class='ocrx_word' id='word_1_236' title='bbox 379 2535 546 2556; x_wconf 66' lang='lat' dir='ltr'>msmrou</span> <span class='ocrx_word' id='word_1_237' title='bbox 570 2528 605 2556; x_wconf 81' lang='lat' dir='ltr'>et</span> <span class='ocrx_word' id='word_1_238' title='bbox 628 2535 780 2556; x_wconf 74' lang='lat' dir='ltr'>xumom.</span> <span class='ocrx_word' id='word_1_239' title='bbox 804 2525 844 2556; x_wconf 88' lang='lat' dir='ltr'>ad</span> <span class='ocrx_word' id='word_1_240' title='bbox 868 2525 903 2555; x_wconf 91' lang='lat' dir='ltr'>h.</span> <span class='ocrx_word' id='word_1_241' title='bbox 928 2525 952 2556; x_wconf 89' lang='lat'>1.</span> 
     </span>
    </p>

    <p class='ocr_par' dir='ltr' id='par_1_6' title="bbox 212 2581 937 2624">
     <span class='ocr_line' id='line_1_31' title="bbox 212 2581 937 2624; baseline -0.001 -12"><span class='ocrx_word' id='word_1_242' title='bbox 212 2582 264 2624; x_wconf 82' lang='lat'>(4)</span> <span class='ocrx_word' id='word_1_243' title='bbox 289 2583 352 2614; x_wconf 86' lang='lat' dir='ltr'>Css&#39;.</span> <span class='ocrx_word' id='word_1_244' title='bbox 379 2591 529 2611; x_wconf 75' lang='lat' dir='ltr'>ono-rius</span> <span class='ocrx_word' id='word_1_245' title='bbox 553 2584 589 2611; x_wconf 80' lang='lat' dir='ltr'>et</span> <span class='ocrx_word' id='word_1_246' title='bbox 612 2591 764 2611; x_wconf 69' lang='lat' dir='ltr'>xuxnom.</span> <span class='ocrx_word' id='word_1_247' title='bbox 788 2581 828 2612; x_wconf 83' lang='lat' dir='ltr'>nd</span> <span class='ocrx_word' id='word_1_248' title='bbox 853 2581 886 2612; x_wconf 90' lang='lat' dir='ltr'>h.</span> <span class='ocrx_word' id='word_1_249' title='bbox 914 2581 937 2611; x_wconf 81' lang='lat'>1.</span> 
     </span>
    </p>
   </div>
  </div>
 </body>
</html>
