1711 3047
899 260 944 294 19

283 369 446 415 habeat,
487 378 522 406 et
555 369 639 406 ideo
666 369 880 406 thesaurum
899 399 907 415 ,
935 368 1078 419 quippe
1111 366 1255 405 donum
1283 369 1481 415 fortunae,
1510 367 1559 405 ad

282 449 580 502 Emphyteutam
604 451 796 502 pertinere
822 449 985 497 debere,
1020 450 1134 500 quia,
1163 462 1258 499 quae
1279 449 1460 487 felicitate
1495 458 1560 486 aut

282 532 511 569 adversitate
546 532 719 569 fortunae
750 532 1055 583 superveniunt,
1089 529 1138 567 ad
1166 543 1252 567 eum
1279 539 1463 581 spectant.
1496 530 1533 581 1)

337 613 442 650 Idem
476 614 589 650 etiam
625 614 835 650 Vinnius
864 612 933 649 hac
959 612 1007 650 de
1034 626 1073 649 re
1100 612 1239 659 sentit,
1278 610 1428 649 dicens:
1476 610 1559 648 «ad

287 710 304 728 «
321 694 615 746 Emphyteutam
635 694 857 746 plenissima
878 694 932 731 rei
954 693 1098 731 utilitas
1118 692 1304 745 pertinet,
1325 701 1361 730 et
1380 693 1463 744 pari
1479 692 1560 742 juri

289 791 305 809 ι(
320 790 394 827 quo
418 776 595 814 dominus
611 807 620 823 ,
647 790 725 813 rem
752 785 855 813 tenet
875 789 916 813 ac
938 774 1118 827 possidet.
1137 791 1154 810 η
1189 773 1229 826 2)
1256 774 1382 812 Etiam
1402 773 1561 812 Gliick

281 859 380 896 hane
416 859 643 895 sententiam
660 888 668 903 ‚
712 859 753 895 in
782 858 892 909 praxi
920 865 1135 908 receptam,
1170 865 1353 906 tanquam
1380 856 1561 907 optimam

282 939 438 990 profert.
467 937 507 988 3)
563 938 851 989 Gesterding
875 951 1024 988 quoque
1044 947 1175 989 putat,
1193 935 1234 987 4)
1277 936 1407 988 plures
1433 935 1562 973 adesse

280 1021 472 1066 rationes,
509 1018 558 1056 ob
596 1032 689 1069 quas
714 1017 764 1055 ad
790 1018 1089 1070 Emphyteutam
1113 1018 1313 1055 thesaurus
1338 1017 1530 1069 pertineat
1546 1047 1556 1063 ,

281 1115 394 1153 quam
423 1099 473 1138 ad
505 1099 730 1147 dominum,
765 1099 836 1137 hoc
869 1099 947 1136 fere
975 1098 1087 1138 modo
1116 1099 1375 1137 ratiocinans:
1404 1097 1453 1135 ab
1483 1111 1559 1135 una

282 1192 387 1236 parte
427 1181 583 1220 domino
619 1182 821 1219 thesaurus
860 1194 939 1219 esse
981 1180 1214 1218 tribuendus
1251 1179 1430 1227 videtur,
1468 1179 1558 1230 quia

283 1265 461 1303 dominus
498 1273 577 1311 est,
606 1272 652 1305 et
691 1261 949 1314 Emphyteuta
990 1271 1139 1300 tantum
1172 1264 1238 1312 jus
1281 1263 1323 1299 in
1363 1275 1402 1298 re
1433 1260 1560 1297 aliena

283 1346 421 1395 habet,
448 1345 496 1383 ab
523 1345 642 1383 altera
669 1352 774 1396 parte
802 1343 1042 1396 Ulpianus
1067 1343 1234 1382 fundum
1254 1342 1480 1394 vectigalem
1502 1355 1565 1379 re-

280 1429 351 1466 bus
378 1427 517 1466 alienis
542 1426 761 1478 anteponit.
792 1424 833 1477 5)
873 1427 1070 1464 Praeterea
1099 1425 1300 1463 thesaurus
1330 1439 1408 1462 non
1435 1434 1488 1463 est
1503 1437 1561 1462 ac-

283 1510 422 1556 cessio,
461 1508 528 1546 sed
552 1507 697 1545 donum
723 1508 923 1555 fortunae,
954 1506 1058 1558 quod
1083 1521 1103 1543 a
1132 1506 1280 1558 legibus
1305 1506 1464 1544 domino
1490 1507 1555 1543 tri-

285 1592 442 1638 buitur,
484 1589 550 1628 sed
578 1590 704 1627 omnia
733 1590 910 1626 fortunae
938 1589 1065 1636 dona,
1097 1603 1258 1640 quorum
1284 1587 1561 1640 capiendorum

285 1673 608 1725 opportunitatem
642 1670 798 1723 praebet
833 1670 979 1708 fundus
1006 1669 1352 1721 Emphyteuticus,
1387 1668 1438 1706 ad
1466 1669 1559 1706 Em—

284 1754 507 1806 phyteutam
534 1752 755 1805 pertinent,
783 1751 940 1790 domino
968 1751 1136 1789 excluso.

337 1835 444 1884 Quid
476 1844 602 1873 autem
640 1833 851 1872 dicendum
889 1833 938 1871 de
976 1833 1047 1871 hac
1088 1834 1310 1884 quaestione
1350 1833 1562 1871 secundum

285 1926 485 1970 praecepta
519 1917 619 1967 juris
660 1916 862 1954 novissimi
899 1916 1049 1968 patrii?
1091 1916 1219 1964 Quum
1248 1915 1296 1953 de
1322 1916 1565 1954 confectione

285 1999 438 2038 articuli
465 1999 543 2037 642
571 1997 664 2036 Cod.
690 1999 773 2036 Civ.
803 1997 906 2049 Belg.
935 1997 1142 2048 agebatur,
1180 1998 1384 2036 nonnullis
1411 1997 1564 2049 delega-

288 2082 336 2118 tis
372 2093 533 2131 aequum
574 2079 698 2117 visum
726 2088 805 2125 est,
844 2078 1088 2125 thesaurum,
1128 2080 1331 2118 inventum
1360 2080 1401 2116 in
1443 2078 1562 2127 aede,

334 2319 367 2359 1)
416 2322 521 2361 Voet,
548 2322 579 2351 Si
603 2331 683 2361 ager
709 2321 831 2360 vectig.
857 2324 923 2350 etc.
950 2320 965 2361 Q
991 2319 1029 2350 11

333 2383 367 2421 2)
416 2384 462 2414 Cf.
491 2385 633 2414 Vinnius
657 2384 696 2414 ad
721 2384 957 2414 institutiones
981 2383 1021 2412 de
1045 2383 1119 2413 Rer.
1147 2383 1305 2413 Division.

333 2446 367 2483 3)
415 2447 474 2486 Op.
502 2446 560 2476 cit.
585 2446 602 2487 ᾗ
625 2444 703 2476 602.
775 2486 778 2490 ¹

335 2506 367 2547 4)
417 2509 476 2548 Op.
502 2508 559 2538 cit.
587 2519 618 2548 p.
645 2506 721 2538 424.

334 2568 368 2609 5)
419 2570 490 2599 Lex.
518 2568 571 2599 10.
599 2570 635 2599 D.
662 2570 702 2599 de
730 2569 883 2598 Familiae
910 2568 1144 2599 Erciscundae.

1352 2629 1396 2665 2*
