1711 3047
839 316 862 377 ,ε
898 319 945 363 3.

522 474 705 514 CALVINI
737 478 952 530 opiniones
983 473 1259 530 dogma-cicae.

306 628 434 681 Quod
460 629 609 670 attinet
630 628 683 669 ad
704 629 789 670 vim
806 659 818 682 ,
853 642 977 685 quam
998 644 1172 672 catvnu
1195 630 1416 687 opiniones
1441 631 1544 691 dog-

246 708 445 760 maticae,
470 705 638 748 aliunde
656 707 753 747 satis
772 707 980 764 cognitae,
1007 707 1050 748 in
1074 706 1398 765 interpretandi,
1420 724 1543 767 quam

245 794 409 827 secutus
429 794 512 837 est,
537 785 744 826 rationem
765 785 1010 839 habuerint,
1031 786 1232 843 pleraque
1251 789 1335 829 huc
1357 800 1546 845 spectan-

245 864 304 904 tia
342 863 491 905 referri
530 873 706 920 possunt
748 863 802 904 ad
844 878 943 905 JESU
985 879 1156 907 cnms‘n
1193 881 1440 924 personam,
1491 866 1544 908 ad

245 956 395 983 munus
426 941 540 999 quod
569 942 612 982 in
641 951 772 996 terra,
804 957 926 983 DEUM
953 943 1064 984 inter
1092 953 1134 985 et
1160 944 1374 999 homines,
1398 945 1543 1002 gessit,

246 1029 289 1062 et
314 1019 368 1060 ad
398 1020 567 1073 mortis,
604 1034 730 1076 quam
759 1020 906 1073 subiit,
934 1021 1022 1062 vim
1050 1031 1091 1063 et
1119 1021 1334 1064 effectum.
1398 1023 1461 1063 Ita
1489 1022 1543 1064 de

245 1109 415 1140 aeterna
431 1113 530 1139 ,nasu
549 1113 719 1140 cnms'rt
739 1098 1012 1157 generatione
1031 1098 1216 1155 loquitur
1237 1098 1291 1140 ad
1307 1114 1430 1142 JOAN.
1444 1100 1479 1154 I,
1502 1116 1539 1143 1.

245 1177 316 1218 Ad
342 1192 464 1219 JOAN.
483 1176 627 1229 XVII,
656 1177 696 1218 8.
725 1177 930 1232 proponit
956 1176 1226 1217 formidabile
1249 1177 1330 1217 Dei
1359 1178 1544 1219 tribunal

247 1265 290 1297 et
312 1254 501 1311 judicem
527 1252 714 1294 vindicta
741 1262 962 1294 armatum.
1008 1251 1078 1293 Ad
1101 1267 1265 1296 MATTH.
1286 1253 1451 1308 XXVI,
1474 1254 1542 1312 37.

247 1333 376 1375 docet
395 1347 469 1373 Dm
495 1331 668 1384 Filium,
698 1330 976 1372 acerbissimis
998 1331 1188 1389 corporis
1208 1341 1250 1372 et
1277 1332 1441 1373 animae
1468 1331 1544 1373 do-

245 1411 432 1464 loribus,
455 1411 559 1451 item
587 1410 786 1467 sanguine
812 1423 910 1462 suo,
934 1419 1148 1465 tamquam
1165 1410 1294 1451 unico
1310 1410 1544 1465 sacrificio,

246 1500 410 1532 reatum
433 1499 623 1530 nostrum
652 1487 860 1545 expiasse,
889 1487 1085 1529 horribili
1103 1488 1181 1529 Dei
1207 1487 1370 1544 judicio
1389 1489 1547 1531 satisfe-

251 1569 376 1622 cisse,
401 1578 525 1624 atque
540 1567 598 1608 ita
616 1567 791 1619 iratum,
817 1581 1010 1608 severum
1030 1577 1073 1608 et
1091 1566 1405 1625 implacabilem
1424 1583 1546 1609 DEUM

248 1648 295 1688 in
314 1657 529 1688 aeternum
555 1646 679 1687 nobis
704 1645 903 1703 placasse.
942 1644 1040 1687 Vid.
1060 1655 1103 1687 et
1120 1645 1174 1687 ad
1198 1661 1361 1687 MATTH.
1380 1646 1545 1699 XXVI,

254 1725 519 1780 2.,XXVII,
545 1725 637 1778 46.,
657 1739 780 1766 JoAN.
801 1725 887 1777 III,
923 1724 1009 1778 16.,
1039 1724 1144 1777 XII,
1186 1740 1273 1781 17.,
1304 1722 1428 1778 XVI,
1454 1724 1547 1777 26„

251 1804 374 1857 XIX,
395 1803 492 1856 28.,
527 1803 626 1843 Act.
646 1800 731 1854 IV,
759 1816 850 1854 12.,
883 1800 943 1854 X,
967 1800 1036 1857 37.
1068 1800 1171 1853 XV,
1198 1816 1285 1853 11.,
1311 1802 1454 1855 XXII,
1478 1802 1544 1843 16.

252 1883 390 1924 Porro
411 1880 465 1923 ad
485 1895 650 1923 MATTH.
669 1879 807 1933 XXV,
827 1881 918 1932 4Ι.,
937 1893 1061 1921 JOAN.
1077 1878 1201 1932 XIII,
1220 1877 1287 1920 38.
1302 1911 1313 1932 ,
1331 1878 1468 1933 XVII,
1481 1879 1522 1922 6.
1536 1912 1547 1933 ,

256 1963 357 2004 Act.
381 1960 465 2013 VI,
491 1963 556 2010 14.
572 1991 583 2013 ,
614 1959 754 2012 XXII,
776 1962 842 2009 14.
871 1957 924 1999 de
953 1957 1121 1998 aeterna
1146 1966 1188 1998 et
1214 1956 1554 1998 inconditionata

257 2038 642 2099 praedestinatione
686 2037 897 2093 loquitur,
945 2035 999 2078 de
1039 2035 1174 2079 libera
1213 2052 1288 2077 Dm
1332 2036 1464 2094 gratia
1499 2035 1554 2077 ad

257 2135 382 2162 JOAN.
401 2117 575 2175 V1‚37.
592 2148 604 2170 ,
622 2116 687 2170 Χ,
710 2115 781 2158 38.
797 2148 809 2170 ,
840 2115 962 2169 XIII,
987 2113 1035 2157 18
1051 2147 1062 2169 ,
1084 2115 1156 2167 48.
1220 2115 1469 2156 Doctrinam
1500 2114 1554 2156 de

261 2198 405 2240 electis
448 2207 490 2239 et
522 2196 714 2253 reprobis
760 2205 1067 2236 commemorat
1114 2209 1278 2236 ΜΑΤΤΗ.
1314 2194 1420 2247 XII,
1457 2193 1551 2247 31„

260 2291 383 2318 JOAN.
400 2276 480 2328 III,
506 2275 596 2327 16.,
619 2272 706 2326 VI,
734 2272 802 2330 37.
821 2304 832 2326 ,
853 2272 916 2326 X,
942 2273 1011 2326 8.,
1035 2272 1160 2326 XIII,
1190 2272 1255 2313 18.
1273 2304 1284 2325 ,
1309 2272 1432 2325 XVI,
1457 2287 1551 2329 27.,

261 2355 406 2408 XVII,
433 2369 482 2407 2,
505 2353 555 2404 3,
578 2353 627 2406 6,
650 2367 713 2409 9.,
746 2352 867 2405 ΧΙΧ,
900 2351 993 2406 3o.,
1025 2352 1123 2392 Act.
1146 2350 1270 2403 XIII,
1300 2352 1400 2404 48.,
1433 2350 1556 2404 XVI,

266 2435 316 2488 6,
355 2450 446 2491 17.,
481 2432 628 2484 XXII,
671 2433 757 2485 Ι4,,
791 2430 993 2483 XXVIII,
1032 2428 1079 2483 53
1114 2431 1173 2470 uti
1211 2440 1254 2470 et
1287 2444 1557 2487 perseveran-

269 2514 368 2555 tiam
393 2522 633 2554 sanctorum
651 2525 774 2553 JOAN.
794 2508 878 2563 VI,
903 2509 972 2566 37.
989 2541 1001 2562 ,
1020 2509 1082 2562 X,
1111 2508 1204 2561 38„
1230 2508 1357 2562 XIII,
1389 2508 1462 2562 18,
1482 2508 1554 2560 48.

324 2592 419 2635 Alia
459 2589 701 2649 attingenda
737 2600 860 2642 sunt,
903 2604 1008 2646 quae
1041 2589 1083 2631 in
1120 2602 1295 2631 cALvmi
1337 2587 1557 2629 Commen-
