1711 3047
875 222 957 266 114

269 363 475 406 »tationes
505 372 548 405 et
581 361 780 418 affectus,
813 372 857 406 et
889 372 1131 422 penetraret
1163 364 1210 407 in
1242 366 1401 408 animas
1431 364 1569 409 homi-

267 457 394 484 »num
411 473 424 497 ,
456 441 720 501 magistratus
739 456 840 484 vero
857 457 947 484 non
968 451 1081 497 erat,
1112 442 1185 500 qui
1206 443 1486 487 haereditates
1509 443 1570 486 di·

268 520 473 563 nvideret.
483 546 540 552 —-
553 519 737 564 Videbat
753 521 880 563 etiam
894 535 1097 562 cmusrus
1106 552 1117 574 ‚
1127 520 1240 562 hunc
1253 522 1468 564 hominem
1477 555 1488 576 ,
1500 537 1567 565 re-⁵

267 598 393 641 »licta
415 598 631 654 doctrine,
654 598 895 642 domesticis
913 599 996 641 suis
1019 598 1256 640 commodis
1279 599 1565 658 prospicere.”

262 677 485 735 Ingeniose
501 678 633 736 magis
651 693 779 735 quam
798 693 898 720 vere
910 678 994 719 hoc
1012 677 1233 719 consilium
1245 678 1392 720 tribuit
1408 679 1566 737 Magis,

265 770 316 797 ex
352 755 528 798 Oriente
559 755 827 798 venientibus
864 771 1031 799 MATTH.
1067 756 1137 809 ΙΙ,
1177 771 1217 798 2.
1249 755 1366 814 quod
1391 756 1569 799 fortasse

263 842 436 890 captare
470 833 684 876 voluerint
719 849 892 876 cnms'rt
926 834 1104 893 gratiam
1134 844 1231 876 ante
1258 844 1447 892 tempus,
1481 849 1568 892 quo

262 926 359 953 eum
398 912 477 953 sibi
513 913 747 971 propitium
783 928 834 955 ac
864 913 1075 955 faventem
1108 913 1341 968 haberent,
1378 913 1414 955 si
1450 912 1564 956 forte

262 989 302 1030 ei
333 991 600 1049 contingeret
630 991 837 1035 Orientali
865 991 1047 1050 imperio
1077 992 1223 1050 potiri.

856 1127 965 1192 §2

346 1264 599 1321 Agentium‚
630 1262 879 1317 dicentium,
908 1260 1181 1305 scribentium
1209 1261 1477 1321 affictiones.-

319 1380 370 1422 In
407 1381 489 1422 hac
535 1380 701 1422 ethicae
742 1380 1104 1438 interpretationis
1145 1390 1285 1439 parte,
1326 1394 1563 1436 CALvnws,

263 1460 333 1516 qui
355 1459 541 1501 hominis
569 1459 758 1500 animum
788 1459 962 1501 interius
989 1459 1136 1501 habuit
1163 1460 1402 1518 cognitum,
1433 1460 1566 1503 multa

262 1538 487 1596 praestitit.
547 1539 610 1580 Ita
644 1537 777 1597 digito
817 1538 932 1595 quasi
980 1548 1188 1580 monstrat
1227 1539 1391 1580 varium
1435 1539 1564 1580 animi

264 1617 488 1671 affectum,
530 1618 854 1660 convenientem
908 1617 998 1660 fere
1049 1633 1216 1676 semper
1261 1632 1534 1676 personarum
1551 1648 1565 1673 ,

263 1696 414 1753 quibus
442 1695 708 1750 adscribitur,
740 1696 998 1752 characteri,
1033 1712 1070 1739 e.
1094 1713 1134 1755 g,
1162 1695 1216 1738 ad
1238 1711 1363 1739 JoAn.
1386 1697 1466 1751 XI,
1493 1695 1563 1740 33.

264 1778 552 1831 ἐνεβριμήσατο
587 1779 644 1830 τῷ
677 1781 878 1830 πνεύματι
912 1794 949 1817 κ.
983 1794 1021 1819 τ.
1052 1777 1088 1818 λ.
1126 1776 1243 1817 »Nisi
1276 1776 1565 1818 condoluisset

262 1874 280 1890 n
293 1868 497 1895 cmusrns
516 1868 663 1894 eorum
680 1853 893 1910 lacrymis,
915 1853 1094 1895 stetisset
1109 1853 1249 1911 potius
1266 1853 1383 1894 vultu
1404 1852 1560 1911 rigido.

261 1930 428 1983 »Quum
449 1940 589 1972 autem
606 1941 758 1987 sponte
772 1946 815 1972 se
829 1931 911 1971 iltis
928 1931 1185 1983 conformat,
1199 1945 1331 1986 usque
1349 1929 1401 1970 ad
1416 1929 1561 1972 fletum

264 2013 552 2064 »συμπάθειαν
581 2007 780 2049 testatur”
805 2007 866 2065 (1)
894 2018 936 2050 et
966 2018 1069 2050 sect.
1101 2010 1173 2059 41.
1197 2010 1220 2050 ό
1243 2008 1286 2051 δὲ
1319 2008 1475 2062 Ἰησοῦς
1495 2006 1565 2065 ᾗρε

263 2090 357 2138 τούς
377 2088 614 2142 ὀφθαλμούς
636 2091 724 2132 ἄνω
744 2105 782 2130 κ.
803 2104 840 2130 τ.
861 2087 899 2129 λ.
923 2086 1123 2145 »Signum
1145 2086 1274 2128 animi
1295 2086 1374 2127 fuit
1393 2086 1446 2128 ad
1464 2101 1562 2145 pre-

263 2165 472 2209 »candum
503 2181 602 2208 vere
636 2165 878 2223 compositi.
950 2164 1080 2219 Nam,
1110 2175 1158 2206 ut
1192 2165 1283 2222 quis
1318 2165 1400 2207 rite
1437 2180 1560 2207 DEUM

264 2246 486 2297 »invocem
521 2259 618 2285 cum
653 2244 746 2301 ipso
782 2253 953 2300 oportet
986 2245 1259 2300 conjunctum
1295 2258 1409 2297 esse3
1443 2242 1561 2301 quod

265 2323 383 2366 »fieri
412 2323 582 2380 nequit,
613 2321 692 2363 nisi
721 2336 846 2379 supra
867 2332 1022 2364 terram
1044 2321 1251 2374 sublatus,
1285 2321 1429 2362 coelos
1447 2322 1562 2379 ipsos

268 2400 591 2444 »conscendat.”
623 2401 1007 2459 Incomparabilem
1024 2400 1269 2453 οΗΒ15Τ1,ἱη
1289 2409 1563 2442 contemnen-

267 2480 330 2522 dis
354 2480 503 2522 mortis
518 2479 749 2521 terroribus
765 2478 1057 2521 fortitudinem
1072 2477 1202 2520 efficit
1218 2493 1268 2520 ex
1284 2492 1448 2521 MATTH.
1463 2477 1561 2532 XX,

299 2643 351 2684 (l)
376 2644 437 2678 Css'.
467 2653 639 2683 smnus,
668 2655 774 2676 tucn
797 2648 831 2677 et
858 2655 1052 2677 otsmusm
1078 2644 1118 2677 ad
1143 2644 1177 2678 h.
1206 2645 1228 2676 t.
