1711 3047
758 258 808 295 24

148 383 375 421 quamquam
407 368 519 406 modo
545 368 743 416 videmus,
785 366 888 418 quod
915 366 964 404 ad
989 367 1057 405 Jus
1080 368 1292 405 Romanum
1317 368 1410 405 atti-

148 460 231 500 net,
262 465 341 488 non
365 450 543 488 omnibus
564 463 680 500 aeque
707 449 806 486 hanc
826 448 1054 485 sententiam
1074 448 1276 500 placuisse.

202 534 309 571 Novo
335 541 462 570 nostro
488 531 619 569 codice
644 529 864 568 introducto
879 559 889 576 ‚
926 529 1080 566 nullum
1105 529 1268 568 dubium
1292 544 1409 567 rema-

149 624 237 661 net,
273 613 586 664 quandoquidem
619 612 806 664 expressis
835 611 960 651 verbis
987 612 1028 649 in
1055 625 1098 649 eo
1123 611 1408 663 Emphyteutae

149 695 241 732 haec
262 695 423 733 facultas
450 694 646 731 tribuitur.
682 692 719 743 l)

202 776 261 813 Ex
289 775 383 813 locis
410 775 535 812 citatis
556 774 644 811 satis
659 787 844 825 superque
859 782 961 825 patet
976 803 985 821 ,
1012 773 1291 825 Emphyteutae
1305 773 1417 811 nullo

151 857 261 895 modo
295 856 512 908 prohiberi,
548 856 612 906 jus
639 869 748 892 suum
782 856 899 893 variis
937 854 1059 892 modis
1087 854 1275 903 alienare,
1309 854 1416 892 dum-

149 937 263 976 modo
296 946 427 984 curat,
469 946 510 975 ut
543 937 584 973 in
612 950 699 974 casu
729 936 966 975 venditionis
995 935 1151 974 domino
1175 936 1387 974 denunciet
1404 966 1415 984 ,

149 1028 335 1070 quantum
368 1018 532 1070 pretium
565 1018 736 1069 accipere
765 1026 886 1069 potest
920 1031 989 1069 pro
1011 1019 1098 1067 jure
1126 1032 1218 1065 suo,
1262 1027 1297 1054 et
1326 1018 1412 1068 quis

153 1101 303 1137 futurus
339 1100 388 1137 sit
427 1108 569 1147 emtor,
600 1108 641 1136 ut
665 1098 845 1136 dominus
865 1100 953 1149 jure
986 1113 1052 1136 suo
1077 1099 1320 1150 protimeseos
1358 1099 1414 1136 uti

151 1182 290 1233 possit,
334 1180 395 1219 vel
427 1195 570 1219 novum
608 1180 905 1232 Emphyteutam
944 1180 1140 1231 accipere,
1182 1180 1212 1217 si
1251 1179 1414 1217 idoneus

156 1262 372 1300 videbatur.

202 1344 270 1382 Jus
316 1342 417 1381 illud
461 1343 703 1395 protimeseos
750 1342 819 1380 hac
857 1343 897 1379 in
936 1356 975 1379 re
1015 1342 1237 1389 constabat,
1285 1342 1415 1393 quod,

149 1439 268 1476 quum
296 1424 554 1476 Emphyteuta
581 1424 737 1461 domino
756 1424 920 1476 pretium
948 1424 1225 1472 nunciaverat,
1254 1423 1316 1461 hic
1345 1438 1416 1476 pro

150 1520 192 1544 eo
233 1507 353 1558 pretio
385 1506 448 1555 jus
486 1504 774 1556 emphyteuseos
810 1513 956 1555 poterat
993 1518 1238 1556 recuperare,
1291 1514 1327 1542 et
1364 1506 1416 1542 ita

149 1588 307 1639 plenum
346 1586 561 1624 dominium
602 1595 638 1623 et
669 1586 942 1637 possessionem
979 1585 1095 1623 fundi
1129 1586 1187 1623 sui
1214 1599 1418 1637 recupera—

152 1682 203 1706 re.
261 1669 315 1705 Ne
350 1681 453 1704 mora
483 1676 548 1704 aut
575 1667 824 1705 haesitatione
854 1667 1031 1705 dominus
1057 1667 1239 1706 damnum
1268 1667 1418 1705 incom—

150 1749 353 1788 modumve
394 1749 541 1786 afferret
579 1748 881 1800 Emphyteutae‚
935 1748 998 1785 hic
1033 1748 1271 1786 voluntatem
1309 1763 1413 1786 suam

150 1831 251 1868 intra
290 1839 438 1881 tempus
487 1829 650 1867 duorum
694 1830 881 1868 mensium
919 1830 1112 1867 declarare
1142 1828 1182 1881 2)
1221 1829 1412 1877 debehat,

153 1911 256 1962 quod
282 1911 357 1948 nisi
383 1911 558 1959 fecisset,
587 1911 866 1963 Emphyteutae
893 1911 1043 1949 licitum
1074 1921 1152 1949 erat
1166 1942 1177 1960 ,
1212 1913 1276 1961 jus
1303 1925 1413 1948 suum

154 1993 369 2030 transferre.
427 1992 467 2029 Si
501 2002 626 2030 autem
666 1993 698 2030 is
736 1993 817 2030 sine
856 1992 1003 2030 domini
1044 1993 1227 2041 scientia,
1271 2003 1312 2030 ut
1348 1993 1412 2030 hic

145 2075 232 2124 jure
278 2087 345 2111 suo
382 2074 625 2125 protimeseos
664 2074 720 2111 uti
757 2088 836 2111 non
874 2083 1023 2126 posset,
1069 2074 1132 2123 jus
1171 2074 1412 2126 Emphyteu-

147 2156 265 2193 ticum
286 2154 353 2193 alii
378 2155 569 2204 traderet,
597 2169 719 2207 poena
738 2164 876 2193 statuta
901 2165 979 2192 erat
1004 2155 1116 2203 haec,
1148 2165 1188 2193 ut
1214 2165 1306 2193 tunc
1329 2157 1416 2205 jure

147 2249 214 2273 suo
239 2235 402 2273 caderet.
459 2237 541 2274 Hoc
569 2237 708 2283 etiam,
750 2236 877 2287 aliqua
915 2236 1125 2274 mutatione
1159 2236 1378 2274 introducta
1399 2265 1410 2284 ‚

194 2496 227 2537 1)
276 2498 321 2528 Cs.
346 2507 375 2527 a.
401 2494 478 2526 771.
504 2496 582 2527 Cod.
606 2496 673 2528 Civ.
699 2497 792 2536 Belg.

193 2556 227 2597 2)
276 2559 348 2589 Lex.
375 2557 406 2588 3.
432 2557 509 2590 cod.
535 2558 576 2589 de
600 2559 681 2589 Jure
707 2559 981 2600 Emphyteutico.
