1711 3047
799 146 848 187 10

164 299 289 343 quam
314 286 425 341 justa
460 285 665 327 librorum
694 302 727 329 s.
762 287 948 346 cognitio
965 318 976 340 ,
1005 286 1058 328 ad
1079 288 1206 331 talem
1229 305 1376 332 eorum
1404 290 1464 333 ina

161 364 510 421 terpretationem
543 366 738 420 accessit,
782 382 887 423 quae
926 365 1013 408 istis
1046 369 1308 427 temporibus
1341 385 1465 428 quam

162 443 344 484 maxime
380 454 468 484 erat
507 444 848 487 accommodata.

219 522 409 563 Accessit
450 533 589 564 autem
626 522 679 564 ad
714 539 806 565 eam
841 529 992 581 optime
1018 533 1202 580 paratas
1236 535 1279 567 et
1306 531 1464 568 exerei-

161 608 288 642 tatus,
352 601 458 641 Cum
498 602 625 642 enim.
646 613 766 659 pater
802 618 925 656 eum,
958 603 1011 644 ab
1045 602 1168 643 initio
1203 603 1463 663 Theologiae

161 676 306 718 studiis
339 676 603 730 destinasset,
644 680 780 737 prima
809 682 894 735 jam
923 683 1141 736 juventute
1172 680 1304 723 filium
1334 683 1465 724 literis

160 755 319 795 institui
343 756 526 809 curavit,
557 757 601 796 in
621 758 769 813 quibus
788 768 926 799 tantos
945 759 1061 799 brevi
1085 759 1184 800 fecit
1204 775 1485 819 progressus„

161 843 208 873 ut
243 848 353 874 anno
387 834 532 875 aetatis
552 833 807 877 duodecimo
830 835 883 877 ad
904 835 1042 877 studia
1060 837 1353 895 philosophiae
1371 854 1466 896 pro·

159 921 415 953 moveretur.
471 913 577 953 Cum
607 912 743 955 adhue
770 914 815 955 in
841 914 1069 971 Gymnasio
1099 916 1153 956 ab
1182 917 1465 958 Acuto-mon-

160 1000 203 1031 te
244 988 306 1047 (1)
347 991 611 1045 versabatur,
656 1006 787 1049 opera
824 1008 1056 1035 OLIVETANI
1097 993 1258 1034 factum
1292 1005 1377 1048 est,
1419 1005 1466 1036 ut

162 1069 411 1126 cognoverit
430 1068 633 1111 Codieem
654 1070 828 1112 Sacrum
850 1082 973 1128 atque
996 1072 1115 1112 initia
1132 1072 1461 1115 reformationis„

162 1147 215 1187 Et
242 1147 342 1188 licet
370 1147 503 1200 mala,
544 1163 649 1204 quae
680 1149 777 1203 sibi,
820 1166 970 1191 munus
1002 1151 1344 1192 Ecclesiasticum
1376 1167 1467 1210 ges-

161 1235 279 1278 turo,
326 1225 425 1266 hinc
470 1238 605 1267 essent
649 1227 956 1285 exspectanda,
999 1229 1262 1286 prospexerit
1298 1240 1340 1271 et
1376 1245 1467 1271 sua—

162 1303 288 1346 dente
313 1305 358 1345 in
383 1305 529 1362 primis
556 1317 698 1363 patre,
729 1308 832 1361 juris
859 1306 993 1348 studia
1022 1307 1234 1364 sequenda
1254 1309 1462 1362 statuerit,

163 1381 231 1424 vel
263 1383 323 1423 sic
360 1394 501 1424 tamen
535 1384 792 1443 Theologiae
829 1401 1002 1443 operam
1037 1386 1137 1428 dare
1172 1402 1260 1428 non
1297 1386 1434 1429 desiit.

221 1461 469 1518 Magistrum
497 1472 539 1503 et
569 1463 750 1504 amicum
776 1474 921 1504 nactus
950 1479 1237 1506 MELcmoizEM
1255 1481 1468 1519 WOLMAR,

163 1539 378 1581 literarum
389 1539 646 1583 Graecarum
661 1551 761 1582 tunc
775 1542 977 1599 temporis
988 1542 1270 1600 professorem
1286 1543 1471 1584 celeber-

164 1620 318 1660 rimum
345 1630 387 1661 et
415 1619 743 1660 reformatorum
774 1630 1024 1677 patronum,
1054 1619 1107 1662 ad
1134 1631 1293 1662 textum
1326 1621 1382 1663 N.
1413 1621 1464 1663 Τ.

164 1698 440 1755 archetypum
469 1697 691 1755 legendum
721 1699 908 1739 accessit.
976 1697 1114 1750 Quam
1138 1699 1307 1739 felicem
1327 1709 1467 1740 autem

165 1777 208 1817 in
234 1775 421 1835 legendis
446 1777 685 1817 auctoribus
711 1776 913 1829 classicis,
947 1786 1036 1817 tum
1059 1775 1249 1829 Graecis,
1281 1767 1370 1817 tum
1390 1777 1468 1818 La·

164 1854 283 1907 tinis,
316 1853 565 1895 industriam
593 1854 805 1912 posuerit,
836 1864 951 1911 patet
982 1863 1025 1894 et
1046 1869 1094 1895 ex
1118 1854 1347 1895 innumeris
1371 1854 1469 1895 cita-

167 1933 350 1974 tionibus
382 1942 425 1973 et
450 1948 500 1974 ex
528 1935 614 1988 ejus
648 1933 922 1974 annotatione
953 1933 998 1973 in
1025 1948 1209 1974 SENECAE
1239 1933 1394 1975 librum
1417 1932 1471 1975 de

171 2013 420 2066 Clementia,
465 2028 589 2069 quem
625 2012 783 2053 librum
824 2011 981 2065 edidit,
1023 2022 1070 2053 ut
1107 2012 1248 2054 officia
1286 2013 1464 2065 amoris,

167 2092 438 2145 clementiae,
473 2091 742 2144 tolerantiae,
779 2091 971 2132 omnibus
1004 2091 1179 2132 omnino
1206 2091 1469 2144 hominihus,

169 2171 348 2211 maxime
382 2180 521 2211 autem
556 2169 799 2210 Christianis
831 2168 1046 2226 implenda
1077 2184 1164 2210 esse
1197 2168 1464 2226 significaret.

226 2249 365 2300 Dein,
407 2259 453 2288 ut
485 2248 643 2305 legeret
672 2258 861 2288 veterum
893 2258 1034 2288 vatum
1064 2248 1241 2304 scripta,
1285 2262 1353 2300 ea,
1393 2262 1474 2303 qua

169 2326 414 2384 consignata
449 2336 568 2378 sunt,
603 2325 763 2383 lingua,
796 2324 903 2366 duce
934 2340 1201 2367 WOLFGANGO
1237 2339 1469 2376 CAPITONE,

169 2404 309 2446 literas
338 2404 566 2444 Hebraicas
597 2402 759 2445 didicit.
823 2404 978 2445 Postea
1006 2419 1102 2444 cum
1127 2403 1250 2456 alibi,
1284 2413 1373 2445 tum
1397 2404 1471 2445 Ba·

207 2572 261 2615 (Ι)
287 2572 339 2604 De
367 2572 572 2613 Montaiqu,
601 2571 734 2604 circiter
760 2581 881 2604 annum
910 2571 1029 2604 aetatis
1053 2569 1299 2603 duodecimum.
