1711 3047
841 169 921 211 133

220 327 326 369 quae
357 321 500 369 aperta
534 322 630 352 sunt
666 310 956 367 certaque(1).
1020 308 1208 350 Eandem
1246 309 1303 350 ob
1335 324 1524 360 causam,

218 391 253 431 si
278 404 384 446 quae
410 389 506 430 loca
532 399 760 430 occurrant
783 388 937 429 nostris
963 388 1133 428 auribus
1163 386 1289 440 dura,
1324 386 1390 428 vel
1416 401 1522 443 quae

220 483 308 509 non
338 469 397 509 ita
425 483 564 509 rerum
596 467 806 523 adjunctis
840 466 1145 508 convenienter
1171 464 1285 508 dicta
1310 466 1417 519 sint,
1450 464 1527 508 'vel

220 561 346 604 quae,
366 547 466 588 alias
486 548 542 587 ob
561 561 726 599 causas,
753 544 880 587 fidem
899 545 1108 586 lectorum
1131 560 1283 603 augere
1302 560 1391 586 non
1416 560 1528 602 mag·

218 641 381 682 nopere
411 626 593 684 possint,
631 640 803 665 omnem
829 639 1005 681 operam
1035 624 1080 665 in
1111 623 1155 664 id
1189 624 1423 676 incumbit,
1459 633 1525 676 ut,

221 703 337 761 quod
357 703 508 745 durum
532 714 611 756 est,
631 702 773 755 tollat,
805 701 1097 759 ostenditque,
1121 703 1314 744 homines
1332 701 1527 760 regiones

222 782 446 824 orientales
463 781 698 823 incolentes
710 812 722 835 ,
742 782 849 823 aeris
866 780 1134 839 vegetatione
1153 791 1194 822 et
1213 780 1406 838 corporis
1423 795 1527 822 con—

220 861 438 901 stitutione
470 876 493 901 a
533 860 655 901 nobis
687 859 813 917 longe
848 858 1036 900 diversos
1073 874 1160 900 esse
1184 858 1259 916 (2).
1322 857 1530 899 studebat

223 953 353 996 porro
378 938 618 979 hominibus
644 935 898 996 persuadere
921 936 974 979 de
995 938 1269 995 corruptione
1293 937 1524 988 Ecclesiae,

224 1032 350 1073 quam
382 1017 650 1073 reliquerant.
714 1015 989 1074 Quapropter
1015 1031 1353 1073 unamquamque
1383 1015 1531 1072 arripit

225 1096 608 1153 opportunitatem,
634 1094 1097 1135 Romano-Catholicos
1126 1093 1179 1135 de
1202 1095 1404 1152 corrupta
1431 1093 1531 1135 doe-

222 1173 331 1214 trina
354 1173 587 1214 Christiana
617 1171 859 1215 accusandi.
915 1172 1000 1213 Tot
1016 1173 1129 1213 enim
1145 1173 1353 1214 habentur
1377 1174 1419 1214 in
1444 1175 1531 1230 ejus

224 1251 565 1304 commenta-riis,
608 1267 631 1292 e
669 1266 824 1309 genere
872 1251 1110 1292 elencthico
1154 1266 1196 1308 q.
1238 1250 1282 1293 d.
1299 1283 1310 1304 ,
1355 1262 1402 1292 ut
1439 1251 1531 1293 nul-

225 1329 312 1371 lum
336 1330 424 1371 fere
455 1328 778 1370 Pontificiorum
806 1328 962 1388 dogma
991 1329 1159 1370 silentio
1191 1339 1370 1387 tegatur.
1434 1329 1532 1371 Alia

225 1410 352 1450 etlam
384 1410 549 1451 ratione
572 1409 708 1451 voluit
729 1407 946 1467 prodesse.
1011 1409 1209 1450 Centenis
1235 1408 1398 1450 scilicet
1426 1408 1532 1450 locis

225 1487 387 1529 indicat
423 1489 660 1545 practicum
691 1488 920 1529 verborum
951 1503 1093 1541 usum,
1130 1498 1255 1544 atque
1286 1486 1530 1541 monendo,

226 1565 520 1620 dehortando,
556 1566 800 1620 incitando,
832 1565 1060 1619 minando,
1091 1566 1181 1607 aliis
1202 1566 1350 1607 formis
1373 1565 1454 1624 (3),
1488 1576 1535 1608 ut

229 1646 287 1686 ait
321 1651 583 1687 sonnocmus
615 1645 703 1703 (4),
742 1656 904 1703 gratam
945 1660 1115 1687 morum
1156 1644 1397 1687 doctrinam
1433 1661 1534 1688 cum

227 1724 578 1782 interpretatione
608 1724 846 1780 conjunxit.

286 1804 505 1862 Disputari
538 1804 664 1845 etiam
698 1812 841 1859 posset
874 1801 927 1844 de
949 1802 1204 1856 lectoribus,
1236 1818 1340 1859 quos
1362 1803 1405 1843 in
1433 1804 1536 1844 scri-

226 1881 370 1924 bendo
403 1883 459 1924 ob
500 1882 647 1924 oculos
684 1881 879 1922 habuerit
899 1891 1071 1924 moster.
1135 1880 1343 1938 Equidem
1378 1881 1428 1922 iis
1471 1897 1535 1923 as·

227 1961 412 2013 sentior,
448 1960 518 2017 qui
549 1970 724 2018 putant,
757 1974 980 2001 cALvan
1002 1970 1212 2017 spectasse
1236 1960 1416 2002 maxime
1449 1960 1538 2001 cul-

228 2039 358 2080 tiores
378 2054 427 2080 ex
444 2039 575 2080 laicis.
623 2036 752 2090 Quod
775 2038 906 2096 magis
927 2038 1053 2079 etiam
1077 2038 1282 2095 probatur
1303 2038 1534 2080 innumeris

227 2117 658 2159 animadversionibus
685 2117 908 2174 practicis,
936 2131 1038 2172 quas
1066 2115 1326 2174 singulorum
1352 2117 1441 2159 fere
1469 2117 1530 2158 lo-

229 2212 378 2238 corum
400 2195 740 2254 interpretationi
760 2196 995 2251 subjunxit,
1023 2196 1250 2253 paucisque
1269 2197 1358 2251 ejus
1376 2196 1534 2238 criticis

269 2438 322 2479 (1)
346 2437 423 2470 vid.
449 2437 489 2469 ad
515 2448 589 2470 zue.
615 2439 656 2476 1,
683 2438 739 2468 41.
766 2439 859 2470 alibi.

269 2495 322 2535 (2)
347 2495 422 2527 vid.
450 2495 489 2526 ad
515 2505 588 2527 tnc.
615 2496 685 2534 lv,
712 2496 769 2526 39.
818 2496 896 2528 Act.
924 2496 1010 2534 vn,
1046 2497 1104 2529 52.
1130 2496 1223 2527 alibi.

268 2553 321 2591 (3)
346 2551 421 2584 Vid.
437 2563 515 2593 prae
527 2552 669 2584 caeteris
679 2553 720 2584 ad
733 2562 864 2584 nui-111.
876 2553 926 2590 11,
945 2553 976 2584 l.
990 2553 1036 2584 vl
1048 2575 1057 2591 ,
1071 2552 1216 2589 8.X111.
1233 2549 1287 2582 20.
1302 2551 1391 2591 XIV,
1403 2551 1480 2586 4.6.
1495 2555 1539 2586 al.

270 2607 322 2648 (4)
346 2607 408 2648 Qui
430 2608 463 2638 in
485 2607 551 2639 fine
572 2607 587 2652 5
608 2609 783 2648 sequentis
804 2608 1008 2640 laudabitur.
