1711 3047
854 167 904 207 16

223 315 306 346 tum
327 320 376 346 ex
393 307 485 361 ipso
507 303 827 361 Evangeliorum
849 315 1098 362 argumento
1120 319 1326 348 CALVINUS
1344 305 1518 348 derivat.

221 383 328 424 Nam
347 380 399 424 de
420 384 506 438 ejus
525 383 742 436 sententia,
763 383 1001 440 Prophetae
1023 394 1146 425 antea
1161 385 1441 441 promiserant
1454 399 1523 442 pa-

218 461 349 502 tribus
374 460 569 515 salutem,
601 476 726 517 quam
754 461 867 502 Deus
893 460 1118 518 aliquando
1141 463 1185 503 in
1206 463 1398 504 homines
1422 478 1523 504 con-

216 539 360 582 ferret.
426 539 542 581 Haec
564 540 722 598 gratiae
745 555 862 597 spes,
897 554 1003 596 quae
1026 538 1098 580 diu
1119 550 1309 582 tenuerat
1329 541 1521 583 homines

216 633 459 676 suspensos,
493 617 665 659 tandem
690 632 786 658 JESU
819 617 863 658 in
894 627 1048 658 terram
1080 616 1264 658 adventu
1291 628 1382 660 rata
1409 619 1521 661 facta

217 706 302 736 est:
338 711 360 736 a
395 711 478 751 quo
513 706 705 752 tempore
738 695 1023 753 promulgatus
1067 704 1130 736 est
1169 695 1301 736 laetus
1344 706 1386 737 et
1422 696 1522 738 felix

216 773 425 814 exhibitae
445 773 566 814 nobis
589 773 632 813 in
655 787 836 813 cmusro
860 774 1018 831 gratiae
1040 775 1210 814 nuntius
1231 772 1312 830 (1).
1374 773 1520 830 Itaque

215 851 429 909 Evangelii
461 866 618 892 nomen
654 851 825 909 proprie
855 861 976 893 notat
1013 852 1174 894 Novum
1212 852 1521 894 Testamentum

212 931 436 988 integrum.

271 1008 584 1061 Veruntamen,
615 1008 708 1065 quia
743 1023 915 1049 emus‘rl
951 1008 1131 1062 natales,
1163 1023 1277 1050 mors
1309 1019 1351 1050 et
1383 1023 1518 1051 resur·

211 1089 347 1130 rectio
364 1098 500 1129 totam
516 1088 658 1129 salutis
672 1098 840 1129 nostrae
852 1103 1058 1129 summam
1070 1088 1114 1129 in
1128 1102 1170 1130 se
1185 1089 1425 1142 continent,
1441 1103 1520 1130 usu

211 1167 386 1208 invaluit
401 1198 413 1220 ,
445 1176 494 1207 ut
513 1167 620 1207 haec.
643 1165 837 1207 dicantur
859 1166 1084 1223 Evangelia
1098 1198 1109 1219 ,
1142 1181 1247 1222 quae
1271 1180 1515 1220 CHRISTUM,

212 1259 237 1286 a
264 1244 389 1285 Patre
421 1243 612 1295 missum,
647 1244 769 1284 nobis
799 1254 1115 1301 repraesentant
1138 1244 1285 1285 beatae
1305 1255 1518 1287 aeternae-

212 1338 293 1380 que
319 1325 431 1364 vitae
458 1333 700 1375 auctorem3
735 1321 835 1362 dum
860 1321 1010 1378 reliqui
1034 1322 1089 1364 N.
1116 1321 1166 1363 Τ.
1189 1322 1287 1363 libri
1305 1323 1435 1381 magis
1453 1323 1516 1364 in·

213 1400 356 1443 dicant
374 1402 461 1443 vim
482 1411 524 1442 et
547 1401 767 1454 effectum,
799 1415 923 1457 quem
947 1416 1043 1441 JESU
1067 1401 1112 1441 in
1136 1411 1290 1442 terram
1315 1400 1517 1443 adventus

211 1479 371 1521 habuit.
435 1478 794 1536 Evangelistarum
829 1479 1050 1519 consilium
1084 1494 1171 1519 non
1204 1479 1306 1531 fuit,
1342 1480 1519 1536 quaein

210 1556 304 1616 lege
322 1568 364 1599 et
382 1558 600 1615 prophetis
622 1566 741 1598 erant
763 1557 939 1613 scripta,
957 1556 1183 1614 abrogare3
1209 1555 1282 1598 sed
1297 1557 1382 1597 hoc
1400 1571 1518 1614 spec-

210 1637 378 1689 tabant,
409 1646 456 1676 ut
492 1651 517 1676 a
548 1650 730 1676 cmusro
759 1633 988 1691 petendum
1018 1649 1105 1675 esse
1136 1633 1361 1688 docerent,
1397 1633 1517 1691 quid-

213 1713 313 1773 quid
336 1715 374 1756 ei
392 1715 436 1754 in
456 1713 573 1754 libris
593 1712 647 1755 V.
671 1713 720 1754 T.
743 1713 966 1753 tribuatur.
1031 1711 1140 1753 Nam
1159 1727 1266 1768 quae
1285 1712 1398 1753 Deus
1416 1712 1517 1754 inde

212 1794 266 1835 ab
297 1793 419 1834 initio
450 1791 663 1852 pollicitus
694 1801 804 1844 erat,
834 1790 940 1831 haec
968 1805 1018 1831 ex
1047 1789 1217 1830 illorum
1240 1791 1446 1831 sententia
1469 1790 1514 1831 in

211 1887 308 1913 ηδτ]
329 1886 500 1913 cnmsm
522 1884 728 1927 persona,
753 1879 843 1909 rata
861 1868 972 1909 facta
990 1878 1099 1910 sunt.
1151 1866 1276 1909 Unde
1297 1883 1515 1910 CHRISTUM

212 1950 294 1992 Dei
313 1949 465 1992 Filium
486 1964 587 2001 esse,
606 1948 761 2004 ubique
779 1946 993 1988 declarant
1006 1957 1129 2002 atque
1144 1946 1373 2002 inculcant,
1392 1962 1516 2004 quem

211 2043 374 2071 JEHOVA
400 2027 649 2086 promiserat
672 2024 819 2067 mundi
839 2025 1134 2083 sospitatorem
1159 2024 1238 2082 (2).

252 2260 304 2302 (l)
327 2260 418 2292 Haec
440 2255 611 2297 Evangelii
633 2254 728 2285 notio
753 2254 805 2285 est
829 2263 868 2284 ex
891 2262 1031 2284 cnvnn
1055 2253 1184 2285 mente.

252 2316 304 2360 (2)
326 2315 404 2349 vid.
431 2313 539 2345 nostri
562 2311 821 2353 Aryumentum
845 2309 886 2340 in
911 2308 1147 2350 Evangelium
1169 2317 1248 2339 JEsv
1268 2317 1430 2347 cumsn,
1459 2307 1520 2340 Se·

336 2371 490 2404 cundum
521 2376 755 2404 nui-mrum,
795 2374 933 2395 mancum
962 2367 996 2396 et
1025 2374 1157 2396 tuum:
1184 2364 1240 2396 cff.
1269 2373 1299 2394 J.
1328 2374 1520 2403 nsum-ou,

339 2425 596 2459 commentarii
627 2425 669 2455 in
701 2431 820 2454 omms
851 2420 961 2452 libros
997 2420 1042 2453 Ν.
1085 2420 1125 2453 Τ.
1158 2420 1192 2450 in
1226 2419 1457 2462 Aryumemis
1476 2421 1523 2453 ad

335 2491 515 2515 murium
551 2480 658 2511 etad
693 2488 798 2509 mmm
832 2476 1081 2518 Evangelium.
1122 2487 1310 2516 rmrscmz,
1353 2477 1521 2519 Proleqo-

335 2548 439 2571 mena
485 2537 532 2568 ad
581 2545 686 2568 numu
730 2533 965 2576 Evanqelium
1012 2533 1027 2576 §
1065 2534 1101 2566 3.
1152 2543 1233 2567 nuo.
1254 2553 1265 2571 ,
1312 2532 1522 2575 Einleitunq

335 2594 395 2628 Th.
424 2593 470 2626 11.
499 2592 513 2636 ς
541 2591 573 2623 3.
