1711 3047
764 205 821 247 93

152 351 390 396 summatim
419 359 517 391 ante
547 347 694 390 oculos
728 346 922 388 habuerit
950 357 1113 388 auctor.
1179 347 1240 387 Ita
1271 347 1427 388 factum
1440 372 1450 399 ,⁵

151 442 198 473 ut
228 430 550 485 uniuscujusque
589 425 820 485 parabolae
852 439 1082 477 summam,
1124 424 1275 466 demtis
1309 425 1454 483 imagi·

150 509 295 561 nibus,
317 507 468 565 insigni
493 505 790 565 perspicuitate
814 514 1044 560 proponat.
1089 503 1139 544 E.
1165 519 1206 561 g.
1227 503 1454 560 parabolae

151 603 318 630 ΜΑΤΤΗ.
339 586 460 640 XVI,
485 601 527 628 2.
559 587 684 640 ὀψίας
712 583 948 638 γενομένης,
977 582 1124 634 λέγετε·
1157 583 1271 625 εὐδία
1295 600 1332 624 κ.
1357 600 1393 624 τ.
1418 582 1454 623 λ.

152 681 318 707 sensum
341 664 488 706 definit
509 665 553 705 in
574 664 687 705 hunc
711 660 903 703 modum.
964 658 1208 701 »Admonet
1231 675 1457 714 cmusrns,

156 744 280 785 »satis
301 753 494 785 testatam
523 757 610 784 esse
634 756 751 782 suam
773 740 992 793 virtutem,
1023 750 1069 780 ut
1090 740 1338 781 visitationis
1361 755 1458 781 suae

157 832 345 879 »tempus
373 835 601 880 agnoscere
629 819 856 872 deberent,
887 819 965 859 nisi
994 829 1144 876 sponte
1175 818 1322 860 oculos
1351 818 1461 860 clau-

157 900 325 942 »dendo
359 910 548 957 apertam
577 898 819 956 refugerent
845 897 1006 939 lucem”
1029 896 1112 954 (1),
1135 908 1178 938 et
1211 912 1310 939 Luc.
1336 896 1462 951 XIV,

159 978 310 1020 28-32.
356 977 458 1018 duas
504 975 795 1017 similitudines
836 976 919 1017 huc
956 975 1096 1017 redire
1140 977 1223 1028 ait,
1271 991 1356 1017 »ne
1394 976 1464 1017 cui

159 1054 410 1095 »molestum
439 1054 516 1106 sit,
542 1068 761 1094 cnmszrnm
790 1053 906 1108 sequi
937 1053 1019 1093 hac
1047 1053 1161 1110 lege,
1181 1063 1228 1093 ut
1248 1052 1466 1094 desideriis

157 1152 174 1168 u
185 1132 266 1173 suis
289 1131 485 1172 omnibus
506 1131 733 1173 renuntiet.
781 1130 1044 1188 Proponitur
1063 1130 1177 1172 utilis
1201 1130 1463 1184 admonitio,

159 1209 476 1252 »meditandum
509 1225 597 1251 esse
634 1220 732 1251 ante
764 1220 952 1267 tempus,
987 1208 1090 1266 quid
1116 1210 1303 1266 requirat
1335 1209 1468 1252 Evan-

161 1288 285 1347 »gelii
308 1287 529 1345 professio.
564 1288 673 1329 Nam
693 1287 791 1329 inde
810 1287 876 1339 fit,
898 1298 944 1329 ut
959 1287 1080 1329 multi
1093 1289 1137 1329 in
1150 1288 1366 1330 levissimis
1380 1289 1469 1345 qui—

164 1367 350 1423 »busque
372 1366 676 1407 tentationibus
693 1366 990 1418 succumbant,
1011 1364 1125 1422 quod
1144 1382 1279 1408 meras
1298 1366 1376 1407 sibi
1396 1364 1469 1407 de-

163 1444 306 1486 »licias
316 1443 539 1498 finxerunt,
555 1443 670 1500 quasi
683 1444 727 1484 in
740 1443 829 1485 otio
841 1454 882 1485 et
895 1445 1045 1485 umbra
1059 1459 1224 1501 semper
1233 1441 1469 1501 futuri''(2)'1

161 1522 300 1564 Porro
317 1523 615 1580 parabolarum
635 1522 857 1563 consilium
872 1521 1035 1564 indicat
1051 1538 1089 1564 e.
1111 1538 1147 1564 c.
1163 1538 1328 1565 MAT‘rn.
1343 1522 1468 1576 XHI,

162 1601 297 1652 24-30
310 1633 321 1655 ,
349 1617 432 1658 quo
451 1601 550 1642 loco
567 1602 652 1642 hoc
669 1601 903 1659 significare
922 1616 1141 1642 cnmsrum
1160 1601 1288 1644 dicit:
1322 1618 1471 1659 quam-

164 1678 237 1721 diu
262 1681 308 1721 in
333 1680 418 1721 hoc
443 1678 603 1721 mundo
630 1680 923 1738 peregrinatur
951 1680 1166 1734 Ecclesia,
1188 1681 1313 1722 bonis
1337 1681 1472 1741 malos

162 1760 393 1817 permixtos
423 1758 540 1811 fore3
575 1773 728 1814 quare,
769 1759 971 1814 patientia
998 1774 1042 1799 se
1074 1769 1240 1800 arment
1268 1758 1343 1799 filii
1374 1774 1470 1812 Dm,

162 1846 211 1878 ut
229 1837 342 1877 inter
360 1834 618 1877 offendicula
631 1867 642 1889 ,
673 1836 824 1892 quibus
846 1836 1008 1877 turbari
1027 1847 1220 1893 possent,
1250 1837 1474 1879 infractam

160 1915 371 1957 retineant
391 1913 491 1956 fidei
517 1914 813 1956 constantiam.
876 1914 1055 1957 MATTH.
1081 1915 1217 1968 XXV,
1250 1915 1349 1957 1·13
1381 1916 1477 1957 sim-

163 1991 262 2049 plex
303 2007 390 2033 esse
431 1992 516 2032 hoc
555 1991 778 2033 consilium
819 2002 962 2033 censet
979 2024 991 2045 ⁷
1039 1992 1154 2048 quod
1190 2009 1278 2034 non
1320 1992 1475 2034 sufficit

165 2070 305 2112 alacre
337 2070 475 2128 exigui
499 2069 703 2126 temporis
728 2068 911 2110 studium
926 2101 937 2122 ‚
969 2069 1049 2110 nisi
1071 2070 1342 2128 infatigabilis
1372 2086 1474 2112 con-

165 2148 319 2190 stantia
349 2147 472 2188 simul
511 2145 687 2189 accedat
714 2146 798 2204 (3);
837 2148 1065 2189 verborum
1100 2148 1214 2191 Sect.
1260 2148 1299 2192 5.
1339 2150 1474 2206 χρονί·

167 2228 307 2278 ζοντος
336 2230 405 2270 τοῦ
445 2226 622 2280 νυμφίου
655 2223 938 2267 tardationem
976 2227 1158 2285 explicat
1205 2226 1258 2269 de
1293 2228 1474 2286 negotiis

206 2457 257 2496 (ll,
287 2458 349 2488 eff.
376 2468 571 2494 susm-ron,
599 2467 774 2494 uxorum.
802 2469 952 2490 Rumon
978 2463 1013 2491 et
1038 2471 1227 2493 riui-zscmz
1253 2463 1294 2494 ad
1317 2463 1352 2497 h.
1380 2463 1405 2495 l.

203 2513 258 2553 (2)
283 2514 342 2544 Cff.
371 2523 546 2552 cao-nus,
574 2523 726 2545 Rumon.
753 2518 788 2545 et
815 2525 847 2547 v.
879 2526 912 2547 n.
941 2525 1029 2546 ruit
1055 2517 1094 2547 ad
1120 2518 1155 2547 h.
1183 2518 1206 2550 l.

204 2571 257 2611 (3)
282 2569 344 2600 Cff.
360 2579 510 2601 enorme
524 2572 559 2602 et
575 2580 677 2601 senor
693 2570 884 2605 Comment.
900 2573 939 2603 in
955 2582 1035 2603 sfisu
1048 2582 1226 2604 sermones
1240 2574 1281 2605 cle
1297 2575 1481 2615 παρουσία

290 2623 330 2655 ad
351 2623 387 2658 h.
413 2618 441 2657 l.'
