1711 3047
811 177 866 221 47

683 437 909 487 CAPUT
944 437 1019 508 Π.

360 640 407 664 DE
438 639 501 674 118,
533 638 629 671 QUAE
659 635 875 662 PRAESTITIT
908 633 1086 660 CALVINUS
1118 634 1157 659 IN
1187 634 1348 659 CRITICA.

261 1008 617 1066 Quandoquidem
646 1023 855 1050 CALvmus
884 1009 1068 1051 subsidia
1104 1011 1275 1065 critica,
1310 1027 1415 1069 quae
1444 1013 1506 1054 di-

201 1100 369 1143 cuntur,
392 1087 602 1130 rarissime
619 1096 782 1128 tantum
809 1088 1042 1145 usurpavit,
1057 1093 1246 1146 primum
1264 1089 1505 1146 videamus,

202 1168 304 1228 quid
338 1167 594 1227 praestiterit
625 1167 670 1207 in
702 1166 872 1221 critica,
912 1176 997 1208 tum
1023 1183 1098 1209 cur
1118 1183 1255 1226 pauca
1276 1180 1441 1212 tantum
1464 1171 1509 1212 in

200 1247 451 1291 adhibendis
472 1247 588 1288 hisce
610 1246 768 1287 criticis
791 1244 1056 1288 adminiculis
1081 1249 1230 1306 egerit.

801 1401 909 1466 §L

437 1565 555 1622 Quid
562 1568 784 1622 praestitit
802 1568 846 1605 in
873 1568 1023 1607 critica
1045 1580 1269 1609 CALvmns.

259 1721 486 1776 Quodnam
509 1736 532 1762 e
555 1720 749 1762 subsidiis
773 1721 928 1763 criticis
949 1722 1275 1779 praeferendum
1299 1727 1511 1769 censuerit

198 1816 428 1854 mmmm,
459 1800 504 1840 in
533 1799 699 1840 labores
722 1801 808 1855 ejus
832 1800 1003 1841 criticos
1028 1801 1400 1857 animadvertenti,
1435 1803 1511 1846 du·

195 1881 313 1923 bium
336 1894 424 1921 esse
447 1893 533 1922 non
553 1888 708 1936 potest.
767 1877 942 1920 Scilicet
963 1878 1135 1922 Graecis
1157 1880 1378 1924 codicibus
1399 1899 1509 1925 sum-

196 1975 310 2001 mam
342 1958 491 2000 tribuit
523 1958 844 2011 auctoritatem3
878 1957 978 2000 inde
1001 1958 1219 2017 pendebat
1240 1963 1326 2018 ejus
1354 1962 1407 2004 de
1426 1963 1509 2005 lec-

195 2037 312 2078 tione
350 2035 543 2094 eligenda
576 2046 619 2077 et
636 2035 849 2092 sequenda
883 2036 1115 2092 judicium,
1162 2054 1202 2082 e.
1239 2056 1280 2098 g.
1320 2040 1374 2082 ad
1406 2042 1506 2086 Act.

195 2115 323 2169 XIII,
356 2114 426 2156 36.
452 2113 574 2155 XVII
591 2146 602 2167 ,
639 2113 709 2156 35.
736 2113 880 2168 XXV,
916 2115 961 2167 6,
990 2115 1154 2173 aliaque
1177 2133 1278 2159 mox
1300 2118 1511 2163 laudanda

194 2193 307 2235 loca.
369 2193 545 2248 Majoris
579 2194 709 2234 hosce
733 2194 996 2248 aestimavit,
1032 2210 1157 2252 quam
1183 2197 1232 2238 V
1224 2197 1393 2255 ulgatcze
1421 2215 1509 2242 ver-

195 2277 328 2314 sionis
349 2282 391 2314 et
415 2287 650 2314 Aucus'nm
674 2273 935 2327 testimonia,
959 2273 1075 2330 quod
1095 2274 1249 2317 diserte
1271 2278 1437 2319 monuit
1455 2278 1510 2320 ad

194 2367 318 2394 JOAN.
368 2352 479 2405 XII,
531 2351 609 2394 32:
677 2352 724 2392 V
717 2361 806 2393 etus
852 2357 1140 2410 interpretatio
1181 2354 1309 2396 habet
1354 2362 1506 2401 πάντα.

193 2433 471 2474 ΑυοΰεΤιΝῠε
507 2437 566 2473 ita
599 2431 818 2489 legendum
842 2447 932 2473 esse
953 2438 1136 2487 censuit5
1172 2449 1311 2475 verum
1335 2451 1509 2477 consen-

194 2526 267 2552 sus
292 2511 547 2553 Graecorum
567 2516 752 2552 omnium
771 2511 960 2552 codicum
974 2512 1116 2570 pluris
1138 2512 1254 2570 apud
1277 2529 1355 2554 nos
1373 2514 1511 2556 valere

195 2589 340 2643 debet5
384 2601 642 2648 quapropter
683 2590 923 2634 lectionem¹
954 2592 1140 2650 sequitur
1171 2596 1352 2648 πάντας,
1393 2593 1510 2650 quod
