1711 3047
805 173 859 216 76

183 332 304 359 JOAN.
338 316 378 370 1,
412 314 484 366 43.
522 317 568 358 σύ
601 312 784 369 κληθήσῃ
816 317 963 369 Κηφᾶς
1002 313 1189 373 »Cephas
1213 316 1476 360 chaldaicum

183 394 340 452 »magis
373 408 498 450 quam
532 392 790 433 Hebraicum
826 403 887 433 est
920 407 1092 436 nomen.
1155 394 1239 435 Sed
1274 395 1346 437 illa
1378 406 1477 454 post

181 472 394 514 »exsilium
422 471 727 529 Babylonicum
759 471 911 512 usitata
940 481 1030 512 erat
1057 473 1366 529 pronuntiatio’'
1397 473 1474 532 (1).

181 551 383 594 Videmus
424 553 565 605 itaque
611 566 661 592 ex
695 550 833 603 hisce,
878 549 979 591 licet
1008 550 1288 607 paucissimis,
1317 551 1384 594 vel
1418 552 1479 594 sio

178 640 322 672 tamen
345 629 681 672 luculentissimis
706 628 978 682 testimoniis,
1011 627 1158 685 quibus
1186 626 1284 669 addi
1306 629 1476 687 insuper

177 717 350 766 possent
392 722 446 749 ex
477 706 667 764 sequenti
699 709 741 759 S,
782 720 1004 748 CALVINUM
1037 706 1231 747 intimam
1266 706 1347 748 sibi
1377 722 1475 749 con-

176 785 347 828 traxisse
387 785 554 843 linguae
591 784 813 825 Hebraeae
845 783 1197 838 familiaritatem,
1232 799 1357 841 quam
1388 799 1477 826 non

177 863 285 906 adeo
331 864 578 917 ostentavit,
623 877 772 904 verum
801 862 962 920 >potius
1007 862 1136 904 tacite
1175 877 1251 904 suo
1296 862 1476 905 consilio

176 942 404 1000 adaptavit.
469 940 597 994 Quod
620 941 654 982 si
678 956 765 982 non
787 941 847 982 ita
872 955 961 982 sese
984 940 1182 994 haberet,
1210 939 1348 995 unde,
1371 955 1476 998 quae

174 1021 342 1077 monuit
358 1018 412 1061 ad
427 1019 547 1061 locos
564 1034 690 1077 supra
706 1017 899 1061 laudatos
918 1019 1153 1072 Act.XIII,
1175 1018 1245 1070 34.
1261 1019 1378 1073 XIV,
1400 1017 1472 1062 25.

173 1099 398 1152 hausisset,
445 1096 641 1154 equidem
677 1096 859 1138 nescire‘*
879 1095 1030 1139 fateor.
1082 1096 1331 1150 Praeterea,
1376 1111 1475 1138 cum

176 1191 399 1218 CALVINUM
442 1175 599 1216 alicubi
644 1174 690 1215 in
730 1174 812 1214 suis
850 1174 1163 1214 commentariis
1195 1175 1240 1214 in
1282 1174 1472 1217 Psalmos

174 1253 416 1306 audiamus,
460 1267 507 1293 se
550 1255 706 1292 sentire
751 1249 988 1303 dicentem,
1032 1265 1141 1308 quae
1174 1255 1292 1292 canit
1314 1253 1470 1308 poeta,

173 1331 306 1390 magis
344 1329 481 1372 adhuc
527 1329 682 1371 mirum
722 1338 808 1382 est,
849 1328 1005 1370 multos
1044 1327 1268 1387 theologos
1305 1328 1471 1387 linguae

173 1410 394 1453 Hebraeae
425 1408 622 1451 notitiam
658 1422 844 1450 CALvmo
878 1405 1104 1465 denegasse
1133 1405 1211 1465 (2).

763 1563 789 1629 ς
824 1566 872 1615 6.

651 1727 705 1770 V.
736 1727 787 1770 T.
809 1730 976 1769 notitia.

228 1888 279 1929 In
324 1883 552 1944 praeclaris
594 1881 952 1940 interpretationis
986 1881 1285 1940 grammaticae
1333 1882 1466 1924 subsi-

170 1966 274 2021 diis,
305 1973 500 2007 accurata
523 1976 698 2014 eorum,
732 1975 839 2017 quae
872 1959 926 2001 V.
948 1960 998 2001 T.
1031 1960 1147 2001 libris
1178 1959 1463 2015 continentur,

167 2043 344 2097 notitia,
375 2056 464 2083 non
494 2038 687 2081 infimum
716 2047 835 2079 tenet
863 2036 1022 2081 locum.
1085 2037 1316 2080 Multarum
1352 2038 1466 2081 enim

166 2136 309 2165 rerum
337 2134 527 2173 causam,
557 2117 791 2170 rationem,
830 2115 1054 2158 consilium
1085 2116 1327 2175 ignoramus
1343 2147 1356 2171 ‚
1387 2116 1467 2159 nisi

175 2246 257 2254 -—-

205 2318 257 2360 (l)
282 2317 343 2348 eff.
368 2324 499 2351 tucn,
530 2322 684 2345 women
709 2313 745 2343 et
769 2319 963 2342 ozsmusme
987 2308 1029 2341 ad
1053 2309 1091 2342 h.
1115 2309 1141 2342 l.

199 2376 253 2418 (2)
282 2373 345 2405 eff.
368 2380 533 2402 scuram
558 2369 591 2400 in
612 2378 712 2411 opere
736 2366 982 2407 Scaliqoriana
1005 2365 1125 2406 prima
1144 2374 1220 2406 pag.
1243 2364 1301 2395 39.
1349 2365 1469 2396 Mun

293 2426 502 2459 Geschichte
533 2425 597 2456 der
630 2423 759 2455 Kunst.
795 2423 871 2453 und
897 2419 1074 2452 lVissem.
1106 2420 1139 2452 S.
1181 2419 1261 2451 463.
1310 2420 1469 2452 Tnozucx

287 2483 463 2524 Anzeiyer
492 2480 591 2512 1831.
623 2480 680 2512 N0.
710 2479 766 2510 42.
796 2481 832 2511 ἰν.
863 2487 973 2508 nanu
1012 2476 1073 2509 Th.
1103 2476 1140 2514 1,
1170 2476 1202 2508 S.
1230 2476 1407 2516 350-354,
1434 2480 1470 2509 et

289 2550 331 2571 ως
365 2548 452 2570 ormi
486 2537 521 2569 in
554 2537 773 2568 commentat.
805 2544 904 2576 supra
924 2533 1080 2571 laudata,
1107 2532 1142 2563 in
1169 2531 1185 2574 ς
1209 2532 1250 2562 de
1270 2532 1330 2569 vi,
1364 2542 1470 2576 quam

290 2595 413 2628 habuit
436 2603 574 2626 cuvnu
600 2592 785 2625 character
809 2591 848 2622 in
873 2590 1020 2631 scriptis
1044 2589 1122 2629 ejus
1148 2587 1365 2629 theoloyicis.
