1711 3047
789 149 844 190 59

176 294 306 335 »vitas
328 289 492 331 dierum
512 287 714 346 impediat
734 302 782 329 ac
803 285 1017 328 moretur''
1035 287 1114 345 (1).
1166 288 1283 330 Alibi
1305 288 1474 330 alterius

175 369 464 430 explicationis
496 378 727 426 patronos,
767 365 948 408 maxime
983 366 1210 424 Vulgatccm
1246 373 1475 410 versionem

175 459 218 491 et
248 462 474 501 ERASMUM,
507 446 686 500 refutat3
721 460 758 487 e.
783 459 820 487 c.
840 458 1006 487 ΜΑΤΤΠ.
1028 444 1210 497 XXVII,
1232 445 1305 497 45.
1341 449 1480 495 σκότος

177 528 337 581 ἐγένετο
367 529 435 570 ἐπὶ
467 530 604 570 πᾶσαν
628 528 703 579 τὴν
727 528 803 579 γῆν
825 522 871 564 id
893 533 956 565 est
983 538 1033 565 ex
1062 538 1240 566 CALvnu
1271 525 1480 567 sententia

176 621 302 665 super
331 620 494 647 omnem
523 604 730 646 Judaeum
749 601 826 660 (2).

238 681 436 725 Notanda
466 683 594 724 etiam
628 691 690 723 est
722 669 1012 723 CALvimANAE
1040 679 1400 737 interpretationis
1422 678 1484 721 fa-

186 763 335 817 cilitas,
360 777 400 805 e.
421 777 458 803 c.
481 776 579 803 Luc.
599 761 662 815 II,
695 759 767 812 34.
788 760 863 802 ubi
886 759 940 801 ad
959 751 1074 809 οὗτος
1096 765 1224 802 κεῖται
1250 762 1305 809 εἷς
1321 773 1359 802 κ.
1384 776 1421 802 τ.
1445 760 1483 802 λ.

183 841 308 883 dicit:
355 840 579 882 »divinitus
618 838 847 881 destinatus
882 839 965 881 est’'
998 838 1081 897 (3),
1118 849 1160 880 et
1191 839 1289 882 Aet.
1318 839 1404 893 XI,
1440 853 1483 881 2.

182 921 313 962 verba
345 923 384 963 οἱ
404 923 448 962 ἐκ
469 923 684 973 περιτομῆς
711 933 823 959 »non
841 917 1090 974 simpliciter
1111 916 1293 958 Judaeos
1315 926 1488 969 notare,

184 1017 200 1033 n
208 995 282 1038 sed
298 997 369 1053 qui
384 996 627 1037 cerimoniis
643 995 848 1053 legalibus
864 995 1043 1036 nimium
1062 993 1221 1035 addicti
1235 994 1394 1036 essent”
1408 993 1488 1052 (4).

183 1073 378 1127 Quorum
399 1073 571 1132 quidem
599 1073 797 1115 locorum
826 1072 1152 1131 explicatione5‚
1181 1073 1323 1114 statim
1356 1087 1406 1114 ac
1432 1072 1490 1114 le-

183 1153 344 1212 gimus,
382 1153 507 1195 nobis
532 1152 726 1211 placent,
763 1152 824 1193 ita
854 1161 900 1192 ut
931 1151 1013 1209 ipsi
1044 1166 1289 1209 proponere
1321 1166 1390 1193 eas
1423 1150 1494 1193 de·

184 1232 325 1274 buisse
342 1231 574 1274 videamur.
638 1229 830 1272 Tandem
850 1229 951 1271 felix
972 1228 1204 1271 admodum
1224 1229 1304 1272 fuit
1323 1230 1368 1272 in
1390 1245 1495 1272 non-

186 1311 400 1353 nullorum
418 1311 615 1352 locorum
633 1309 1000 1367 interpretatione.
1028 1308 1100 1350 Sic
1115 1308 1294 1366 legimus
1314 1307 1368 1350 ad
1390 1323 1490 1351 Luc.
1543 1325 1548 1332 “

187 1390 251 1445 11,
281 1393 355 1442 4ο.
389 1393 436 1433 τὸ
467 1390 511 1434 δὲ
535 1389 701 1434 παιδίον
723 1389 873 1442 ἠϋξανε
897 1389 968 1431 καὶ
1000 1390 1261 1444 ἐκραταιοῦτο
1295 1394 1495 1443 πνεύματι

188 1470 400 1529 »primum
422 1485 520 1511 eum
541 1472 720 1511 crevisse
743 1466 848 1509 dicit
878 1477 922 1508 et
944 1466 1185 1508 roboratum
1206 1471 1380 1524 spiritu,
1411 1467 1498 1523 qui-

189 1548 291 1590 »bus
312 1548 450 1590 verbis
477 1546 705 1606 signifieat,
740 1560 825 1587 una
856 1560 954 1587 cum
988 1554 1128 1587 aetate
1161 1545 1341 1587 crevisse
1372 1545 1499 1587 etiam

192 1627 346 1669 »animi
366 1625 487 1669 dotes
508 1625 596 1683 (5);
628 1639 752 1666 JOAN.
775 1625 821 1678 Ι,
857 1624 924 1666 16.
950 1626 1020 1666 καὶ
1046 1628 1163 1681 χάριν
1186 1626 1282 1669 dm
1317 1628 1498 1682 χάριτος,

193 1705 466 1763 »simpliciter
484 1713 568 1757 est,
589 1703 623 1744 si
643 1703 934 1760 comparative
954 1702 1136 1760 accipias
1158 1703 1367 1760 particula
1384 1705 1499 1756 ἀντὶ,

191 1798 268 1825 »ac
284 1783 319 1825 si
337 1782 514 1825 diceret:
534 1796 832 1839 »quascunque
849 1781 895 1823 in
910 1796 988 1823 nos
1005 1781 1159 1839 gratias
1175 1782 1362 1824 cumulat
1372 1783 1501 1837 Deus,

193 1877 429 1921 »peraeque
461 1877 511 1904 ex
540 1862 626 1903 hoc
657 1861 777 1903 fonte
808 1860 1004 1903 manare’'
1028 1860 1105 1918 (6).

228 1970 283 2013 (1)
307 1971 371 2003 eff.
391 1980 491 2010 πω,
514 1980 549 2004 11.
567 1980 602 2003 A.
627 1980 733 2001 senor
754 1969 993 2002 Gommentar.
1019 1971 1061 2001 in
1084 1979 1142 2001 eoa
1163 1980 1244 2002 nisu
1266 1981 1404 2003 emusn
1429 1980 1506 2004 ser·

316 2036 459 2062 mones.
488 2027 552 2067 qui
570 2026 614 2056 de
635 2026 756 2057 reditu
781 2026 860 2066 ejus
883 2026 931 2057 ad
943 2025 1312 2067 judiciumfuturum
1331 2031 1459 2066 aqum,
1475 2029 1511 2059 et

315 2091 504 2113 nmzscmz
525 2081 566 2113 ad
593 2080 628 2114 h.
656 2081 681 2112 1.

234 2138 287 2180 (2)
312 2136 381 2170 Css'.
407 2147 516 2176 ΒΕΖΑ,
545 2147 721 2177 Rumon,
751 2147 786 2169 v.
812 2147 847 2168 1).
874 2147 962 2168 nm
989 2137 1030 2169 ad
1053 2137 1090 2169 h.
1117 2139 1142 2171 l.

231 2195 285 2237 (3)
309 2195 373 2228 eff.
400 2204 507 2232 mm,
535 2203 730 2233 insen-on,
758 2203 912 2225 Rumon.
938 2195 974 2225 et
1000 2203 1197 2226 oLsnAusBr(
1222 2194 1264 2226 ad
1288 2195 1324 2228 h.
1351 2196 1376 2227 1.

232 2249 286 2292 (4)
310 2250 362 2282 Cf.
390 2259 424 2281 v.
451 2260 486 2281 n.
514 2258 602 2280 nm
628 2247 671 2280 ad
694 2247 731 2280 h.
758 2247 782 2278 l.

233 2307 285 2349 (5)
311 2306 372 2338 eff.
401 2315 554 2336 mimoni.
587 2307 622 2336 et
658 2314 876 2343 OLSBAUSEN,
914 2314 1058 2345 quorum
1092 2305 1149 2336 hic
1182 2305 1252 2338 ait:
1291 2305 1365 2337 »Es
1395 2305 1514 2339 deutet

319 2360 403 2392 »die
429 2360 500 2392 rein
529 2359 760 2392 mensohliche
788 2359 1048 2401 Entwickelung
1074 2360 1134 2393 des
1157 2362 1288 2401 Herm,
1315 2362 1361 2394 im
1387 2362 1512 2394 Leibli-

318 2417 461 2457 »chen,
487 2417 551 2449 wie
577 2417 621 2448 im
645 2417 820 2459 Geistigen
846 2417 934 2450 an.”
960 2417 1002 2449 ad
1025 2418 1062 2450 h.
1089 2418 1116 2451 l.

237 2473 289 2515 (6)
317 2473 376 2506 Ait
400 2473 452 2505 CI.
475 2483 602 2512 mcxx,
630 2483 804 2504 cavinum
831 2473 979 2505 omnium
1004 2473 1229 2516 interpretum
1256 2473 1398 2516 primum
1426 2474 1515 2506 hanc

319 2528 579 2571 explicationem
598 2530 823 2572 proposuisse.
874 2530 937 2562 cff.
957 2541 1036 2561 mzza
1054 2552 1062 2568 ,
1090 2540 1281 2569 misenen,
1310 2541 1462 2562 tuomum<
1481 2534 1512 2564 e?

324 2594 518 2615 OLSBAUSRN
545 2584 585 2615 ad
609 2584 644 2617 h.
673 2586 695 2615 l.
