1711 3047
836 178 919 223 128

226 320 535 376 παρερμηνείαις
574 333 623 361 ea
664 317 853 362 vindicat
872 351 884 374 ,
933 329 1092 362 tantam
1139 320 1394 364 attendimus
1457 337 1522 366 res

224 408 423 439 accurate
463 408 505 439 et
544 397 765 454 perspicue
806 396 1002 440 tradendi
1040 412 1207 454 euram,
1241 411 1291 442 ut
1325 403 1412 457 ejus
1449 417 1522 460 pa-

223 477 413 518 tientiam
466 486 508 517 et
550 474 862 530 assiduitatem,
920 490 1008 518 non
1054 478 1259 534 possimus
1307 494 1396 521 non
1436 479 1525 521 lau-

222 553 344 596 dibus
395 554 625 596 celebrare.
714 553 817 596 Veri
865 554 991 596 etiam
1042 552 1121 596 fuit
1162 555 1521 611 studiosissimus,
1588 604 1593 605 ⁷

223 633 293 675 cui
321 632 491 690 quidem
519 633 665 674 virtuti
693 633 728 674 si
757 632 1021 691 adjungimus
1047 634 1134 689 ejus
1161 634 1354 676 ardorem
1386 639 1431 676 in
1460 651 1525 678 ve·

221 715 346 752 ritate
379 709 534 752 tuendd
565 719 609 752 et
641 709 934 768 defendenda‘,
977 726 1084 768 quae
1115 722 1231 753 tanta
1259 723 1372 766 erat,
1402 723 1450 754 ut
1479 713 1525 755 in

221 788 474 847 theologicis
498 787 785 847 dogmaticam
807 789 1113 847 spectantibus,
1131 805 1219 831 non
1239 790 1363 832 facile
1380 804 1524 848 passus

220 861 274 902 sit
298 861 534 903 contradici
560 862 664 916 sibi,
699 862 831 904 multa
854 862 899 903 in
931 864 1019 919 ejus
1048 864 1364 906 commentariis
1398 864 1525 907 obvia

219 939 420 981 facillime
454 939 664 998 explicare
695 956 931 999 possumus.
993 941 1159 999 Nempe
1186 957 1525 999 unamquamque

221 1018 371 1076 arripit
391 1019 752 1076 opportunitatem
764 1051 775 1073 ,
788 1020 1046 1073 haereticos,
1063 1021 1132 1062 vel
1148 1021 1407 1062 Christianos
1427 1020 1522 1061 illos

219 1095 287 1137 vel
317 1095 449 1149 alios,
494 1095 743 1138 eorumdem
777 1096 991 1150 locorum,
1031 1097 1182 1153 quibus
1217 1096 1393 1138 fundata
1429 1107 1525 1140 sunt

222 1188 370 1216 eorum
393 1174 574 1230 placita,
603 1174 718 1215 recta
741 1174 1003 1230 expositione
1028 1174 1254 1215 refutandi.
1317 1174 1382 1214 Ita
1407 1190 1524 1216 com-

220 1261 363 1293 menta
400 1265 637 1292 MARmoms
659 1249 748 1307 (1),
784 1265 962 1291 ΤΑΤΙΑΝΙ
992 1260 1034 1291 et
1065 1264 1404 1292 ENCRATI'I'ARUM
1432 1250 1522 1309 (2),

219 1328 515 1386 SABELL11(3),
539 1327 837 1385 MONTAN1(4),
860 1342 1211 1370 MANIGHAEORUM
1227 1328 1309 1385 (5),
1341 1344 1525 1370 muscu-

222 1423 345 1449 LIANI
366 1407 452 1465 (6),
483 1421 816 1449 DONATISTARUM
838 1406 923 1464 (7),
959 1422 1055 1449 anu
1083 1417 1126 1448 et
1156 1421 1415 1448 ARIANORUM
1435 1407 1523 1465 (8),

221 1501 464 1528 MACEDONII
478 1485 553 1543 (9),
573 1500 772 1528 NESToRu
784 1484 889 1543 (10),
903 1500 1114 1527 EUTchs
1126 1484 1166 1542 (1
1179 1484 1231 1542 1),
1248 1500 1422 1526 PELAGII
1433 1484 1523 1543 (12)

221 1579 580 1606 LUTHERANORUM
598 1564 849 1606 sententiam
868 1562 921 1605 de
940 1563 1066 1605 locali
1082 1563 1274 1621 corporis
1291 1577 1461 1604 CHRISTI
1477 1563 1522 1604 in

219 1642 267 1687 S.
310 1658 445 1686 coena
478 1643 713 1701 praesentia
737 1641 854 1700 (13),
893 1652 1134 1701 oppugnat3
1168 1641 1231 1683 uti
1269 1651 1313 1684 et
1347 1655 1522 1683 snnvlrn

258 1932 314 1974 (1)
338 1931 388 1964 Ad
412 1941 487 1965 run.
513 1931 553 1971 Ι,
579 1930 637 1962 31.

257 1989 311 2030 (2)
336 1988 387 2020 Ad
411 1988 489 2020 Act.
515 1987 566 2026 X,
595 1986 626 2017 l.

258 2044 312 2085 (3)
336 2043 388 2075 Ad
411 2052 536 2073 somn.
561 2042 605 2078 1,
631 2040 662 2072 1.
709 2040 788 2073 Act.
813 2040 919 2080 XIII,
945 2040 981 2073 2.

259 2097 314 2140 (4)
338 2097 389 2130 Ad
413 2098 491 2129 Act.
517 2097 564 2134 X,
593 2097 649 2130 15.

260 2154 314 2195 (5)
338 2153 391 2185 Ad
414 2163 489 2186 Luc,
517 2152 556 2191 Ι,
584 2152 640 2183 31.
688 2152 794 2184 Jom.
818 2151 926 2190 VIII,
952 2149 1011 2185 44.
1036 2151 1134 2191 xlv,
1162 2150 1219 2184 30.

260 2209 313 2251 (6)
337 2208 389 2240 Ad
413 2210 491 2240 Act.
517 2208 569 2246 X,
599 2207 654 2239 15.

258 2264 313 2307 (7)
342 2264 394 2296 Ad
418 2273 549 2295 nui-11.
574 2263 626 2301 V,
657 2262 710 2293 ll.
757 2262 863 2294 Jonv.
888 2261 958 2300 IV,
985 2261 1021 2294 2.
1070 2263 1150 2295 Act.
1177 2262 1228 2300 X,
1257 2260 1312 2292 15.

259 2321 312 2362 (8)
337 2319 388 2351 Ad
411 2329 513 2350 som.
539 2318 579 2356 Ι,
609 2317 639 2350 1.
666 2317 717 2356 V,
748 2317 801 2350 17.
829 2318 883 2350 19.
909 2318 968 2349 39.
993 2318 1043 2357 X,
1071 2317 1128 2350 36.
1155 2316 1252 2357 XIV,
1279 2316 1338 2351 20.
1363 2315 1423 2350 28.

257 2375 311 2415 (9)
337 2374 389 2406 Ad
413 2374 491 2405 Act.
517 2373 622 2412 XIII,
647 2373 682 2405 2.

240 2431 314 2472 (10)
340 2429 391 2462 Ad
415 2440 518 2462 sont.
547 2429 585 2468 Ι,
617 2428 671 2461 14.
699 2428 756 2466 11,
786 2428 840 2459 19.
890 2427 973 2459 Act.
999 2428 1078 2468 XX,
1102 2426 1160 2460 28.

239 2486 315 2529 (ll)
339 2486 391 2518 Ad
414 2496 516 2517 som.
543 2486 583 2524 I,
612 2483 669 2517 14.
716 2485 795 2517 Act.
820 2484 901 2523 XX,
928 2483 986 2517 28.

239 2542 314 2583 (12)
340 2533 396 2574 Λᾶ·
416 2542 494 2573 Act.
518 2542 571 2579 x,
596 2540 653 2573 34.

240 2598 316 2639 (13)
344 2596 394 2629 Ad
420 2606 493 2628 tue.
520 2595 646 2634 XXIV,
673 2595 729 2628 39.
783 2595 860 2628 Aet.
888 2594 926 2632 1,
957 2594 1010 2625 11.
