1711 3047
802 168 829 207 5

160 311 343 354 Postillis
370 310 463 368 plus
498 310 725 368 praestitit,
761 323 885 366 quam
917 323 1063 350 omnes
1090 307 1199 350 illius
1232 308 1323 350 aevi
1352 307 1462 365 glos·

158 399 316 432 satores
333 421 344 442 ‚
378 388 479 430 licet
501 388 630 429 multa
655 389 782 430 etiam
805 386 1052 428 contineant
1077 386 1213 427 minus
1236 384 1458 427 laudanda.

158 469 205 510 ln
236 468 381 527 primis
411 482 512 509 vero
547 464 845 509 memorandus
876 476 939 507 est
966 480 1051 508 sec.
1082 464 1163 505 XV
1194 479 1465 506 mmmmm-ms

157 560 320 600 VALLA,
352 546 421 603 qui
448 546 705 604 egregriam,
743 545 783 585 in
806 542 1132 601 interpretandis
1149 543 1266 585 libris
1294 559 1327 585 s.
1345 575 1356 596 ,
1386 559 1464 600 po·

158 626 241 667 suit
270 624 537 678 industriam,
579 623 716 677 adeo,
755 634 802 665 ut
840 639 982 665 veram
1022 621 1328 681 interpretandi
1353 622 1471 670 viam,

160 714 413 746 monstrasse
444 713 559 745 recte
589 701 754 744 dicatur
784 701 864 759 (1).
932 702 1076 758 ltaque
1105 709 1148 742 et
1172 701 1326 742 horum
1354 700 1467 741 viro-

160 798 253 824 rum
288 797 419 840 opera
456 791 500 824 et
529 796 632 823 vero
671 781 798 822 etiam
836 779 1168 821 Reformationis
1203 778 1349 820 studiis
1384 778 1471 819 fac--

161 873 251 903 tum
280 872 364 915 est,
393 871 438 902 ut
461 876 546 902 sec.
572 860 652 901 XV
685 860 768 901 fine
800 870 842 901 et
873 859 971 899 XVI
999 859 1141 912 initio,
1173 869 1269 915 post
1301 858 1472 915 longam

159 940 428 981 tenebrarum
463 948 660 990 noctem,
693 937 869 978 sanioris
898 937 1257 993 interpretationis
1281 936 1353 976 lux
1371 951 1471 993 pua·

160 1015 285 1059 diret.
361 1017 410 1057 In
452 1015 789 1057 universitatibus
829 1016 918 1070 jam
964 1014 1111 1055 literae
1161 1014 1388 1056 orientales
1430 1024 1472 1055 et

159 1094 347 1137 Graecae
393 1094 681 1148 docebantur3
732 1092 844 1135 unde
885 1093 1053 1135 facilior
1099 1103 1189 1134 erat
1234 1091 1372 1134 aditus
1419 1091 1469 1134 ad

161 1185 321 1216 textum
354 1174 563 1215 librorum
594 1189 626 1215 5.
663 1173 955 1231 archetypum.
1019 1171 1210 1214 Aderant
1242 1171 1330 1213 illic
1359 1172 1475 1213 Doc-

165 1263 278 1295 tores
323 1252 605 1311 Theologiae‚
648 1252 825 1293 sanioris
863 1251 1227 1309 interpretationis
1267 1251 1477 1305 fautores,

163 1332 256 1389 qui,
297 1342 439 1389 spreta
482 1331 676 1374 versione
716 1331 906 1389 vulgata,
951 1329 1005 1371 ad
1034 1331 1172 1388 ipsum
1210 1328 1405 1371 codicem
1439 1344 1474 1371 s.

163 1409 411 1469 legencium,
455 1421 543 1451 tum
571 1408 780 1463 dicendo,
817 1420 906 1450 tum
937 1408 1188 1462 scribendo,
1215 1413 1391 1464 juvenes
1410 1423 1477 1450 re-

161 1500 378 1531 vocarent.
458 1490 505 1530 [n
549 1489 702 1544 quibus
745 1486 994 1529 recensendi
1034 1498 1130 1528 sunt
1172 1502 1472 1541 REUCHLINUS,

161 1582 378 1620 ERASMUS,
436 1568 615 1608 maxime
667 1568 1004 1622 Reformatores‚
1053 1567 1290 1623 horumque
1345 1566 1477 1624 parti-

163 1647 240 1688 bus
273 1645 462 1687 faventes
502 1661 665 1698 FABER,
708 1660 927 1698 Bncmms,
975 1660 1196 1698 nummus,
1238 1659 1476 1699 osmnnnn,

162 1739 452 1777 omvn'rANth,
489 1724 583 1777 alii,
618 1739 801 1780 quorum
836 1723 986 1782 singuli
1021 1738 1117 1765 suos
1148 1724 1192 1764 in
1219 1723 1475 1765 illustrandis

162 1803 280 1844 libris
306 1819 339 1844 s.
371 1802 537 1844 labores
564 1802 845 1844 collocarunt.
911 1803 1077 1844 Horum
1101 1813 1241 1845 autem
1264 1804 1473 1857 virorum,

161 1882 408 1940 primarium
425 1881 469 1922 in
484 1880 810 1939 interpretandis
831 1881 947 1923 libris
961 1897 994 1923 s.
1014 1882 1238 1923 consilium
1254 1892 1364 1936 erat,
1382 1893 1473 1923 tum

164 1971 210 2002 ut
233 1960 448 2019 religionis
472 1960 733 2001 Christianae
756 1960 932 2014 notitia,
967 1976 1016 2002 ex
1039 1959 1333 2018 limpidissimo
1355 1960 1476 2002 fonte

164 2040 329 2092 hausta,
369 2038 481 2096 apud
521 2053 669 2079 omnes
704 2038 887 2096 vigeret3
939 2049 1029 2079 turn
1073 2049 1119 2079 ut
1158 2039 1383 2095 unicuique
1422 2037 1477 2081 de

166 2117 441 2175 corruptione
481 2116 701 2158 doctrinae
732 2127 774 2157 et
807 2117 1045 2174 religionis,
1080 2117 1124 2158 in
1148 2109 1351 2159 'Ecclesia
1386 2118 1475 2159 Ro-

166 2211 289 2237 mana
329 2196 569 2249 obtinente,
603 2195 751 2236 intime
786 2210 1032 2252 persuasum
1063 2195 1189 2238 foret.
1255 2195 1379 2238 Unde
1402 2195 1475 2238 de—

166 2273 389 2318 rivandum
422 2287 511 2327 est,
548 2273 693 2332 quod,
733 2274 776 2315 in
819 2275 1019 2332 operibus
1043 2275 1295 2333 exegeticis,
1330 2291 1475 2333 quam-

166 2353 271 2396 libet
304 2354 542 2395 haereticos
579 2352 788 2395 refutandi
828 2354 1061 2411 arriperent
1090 2356 1469 2413 opportunitatem.

181 2543 255 2584 ΓΗ)
281 2542 356 2574 vid.
395 2542 435 2574 «le
471 2553 511 2573 eo
547 2553 573 2573 J⁴
603 2552 826 2579 wnosenur,
860 2542 945 2574 Dias.
974 2543 1121 2584 praemio
1149 2546 1265 2574 ornata
1293 2546 1328 2575 et
1355 2543 1481 2575 inserta

289 2599 418 2632 Annal.
452 2599 555 2633 dead.
584 2597 939 2636 Lamum-Batanaia
967 2599 1046 2630 anni
1078 2599 1178 2640 1823}-
