1711 3047
829 174 909 215 132

217 308 591 366 significationibus
612 312 821 368 primariis
838 322 880 354 et
902 311 1112 369 derivatis,
1135 318 1383 373 omniaque,
1410 332 1518 375 quae

219 385 273 427 ad
303 401 443 428 rerum
453 417 466 438 ,
505 387 730 443 locorum,
769 390 989 433 hominum
1028 392 1373 451 intelligentiam,
1412 396 1521 437 scitu

218 464 302 506 sint
347 466 604 520 necessaria,
655 465 796 510 addat.
872 468 1086 521 Quantum
1134 481 1293 528 potest,
1341 472 1523 529 explicat

220 558 272 585 ex
310 544 385 598 iis,
424 559 533 601 quae
572 546 616 588 in
648 546 887 602 vicinitate,
926 549 995 590 vel
1037 564 1144 606 quae
1191 548 1302 606 apud
1341 549 1524 593 eundem

222 623 474 680 scriptorem
510 623 577 665 vel
616 624 727 681 apud
764 625 894 680 alios,
931 626 1079 668 eadem
1116 626 1169 669 de
1204 642 1270 681 re,
1309 627 1520 671 dicuntur.

221 699 281 741 Ut
298 699 351 741 ad
364 710 524 741 rectam
541 702 790 758 perveniant
803 703 1011 746 librorum
1030 705 1242 759 notitiam,
1260 706 1423 764 saepius
1437 721 1528 748 mo·

221 788 311 831 net,
331 793 384 819 ne
405 779 494 835 quis
515 794 565 820 ex
584 781 724 822 verbis
741 781 974 840 improprie
994 782 1138 837 dictis,
1153 784 1329 825 nimium
1346 783 1524 826 derivet.

223 854 344 907 Quae
372 871 520 900 eorum
557 858 619 899 vis
651 859 705 900 sit
734 870 775 900 et
801 871 986 917 potestas
1014 860 1221 915 ostendit,
1256 877 1336 913 nec
1363 860 1526 919 singula

223 934 525 991 parabolarum
547 937 735 978 membra
762 953 850 979 esse
873 938 1123 980 excutienda
1143 938 1265 993 dicit,
1287 939 1402 997 quod
1420 954 1524 998 pon-

222 1011 342 1053 tificii
361 1012 505 1055 facere
527 1015 738 1058 solebant.
791 1017 848 1058 Ut
868 1027 983 1059 recte
1003 1018 1146 1058 omnia
1165 1029 1425 1076 cognoscant
1444 1017 1528 1059 lec-

221 1100 338 1132 tores
367 1092 574 1148 proponit
600 1093 816 1147 homines,
850 1109 1029 1150 quorum
1060 1096 1220 1136 mentio
1257 1095 1303 1137 fit
1333 1096 1377 1136 in
1408 1095 1526 1136 libris

222 1168 460 1221 historicis,
493 1168 643 1210 iisdem
683 1171 832 1226 quibus
865 1171 1076 1212 ducuntur
1111 1172 1287 1213 stimulis
1322 1182 1489 1229 agentes
1509 1203 1522 1225 ,

223 1256 267 1287 et
301 1261 384 1302 qua
418 1247 545 1287 animi
576 1246 731 1288 fuerint
767 1247 1030 1290 conditione.
1094 1248 1160 1290 Ne
1193 1248 1292 1305 quid
1316 1249 1525 1291 lectorum

225 1323 326 1365 fidei
347 1325 549 1378 obstaret,
572 1325 800 1383 scriptores
820 1326 864 1369 S.
882 1342 1026 1368 secum
1048 1327 1294 1381 convenire,
1316 1327 1369 1369 de
1384 1326 1527 1369 indus·

225 1403 307 1444 tria
339 1403 467 1444 toties
497 1402 704 1457 ostendit,
739 1404 976 1457 monendo,
1008 1406 1353 1463 repugnantiam,
1382 1405 1527 1447 stricte

225 1485 287 1523 sic
318 1481 495 1535 dictam,
527 1498 614 1524 non
645 1483 827 1524 inveniri
850 1484 895 1525 in
917 1484 1035 1525 libris
1061 1484 1105 1526 S.
1122 1516 1134 1538 ,
1156 1499 1302 1526 verum
1325 1499 1414 1526 esse
1435 1494 1527 1526 tan-

225 1559 450 1602 tummodo
475 1561 779 1619 repugnantiae
810 1562 1018 1619 speciem,
1051 1572 1188 1604 ortam
1221 1578 1271 1604 ex
1299 1577 1374 1617 eo,
1414 1562 1530 1619 quod

228 1636 413 1680 diversas
440 1654 581 1681 rerum
604 1645 849 1696 περιστάσεις
870 1651 1043 1682 narrant
1070 1641 1320 1698 scriptores,
1348 1641 1414 1683 vel
1440 1641 1530 1682 aliis

231 1731 282 1758 ex
306 1717 453 1760 causis.
517 1718 634 1759 Nihil
658 1718 783 1776 plane
808 1719 989 1761 inveniri
1015 1719 1061 1760 in
1085 1719 1202 1760 libris
1230 1719 1285 1762 N.
1314 1720 1365 1763 T.
1398 1720 1530 1761 histo-

231 1794 330 1835 ricis
362 1795 442 1848 ait,
474 1795 589 1851 quod
612 1797 680 1838 vel
702 1812 826 1838 sanae
853 1797 1005 1838 mentis
1033 1797 1192 1850 effatis,
1221 1798 1285 1838 vel
1310 1796 1531 1838 doctrinae

233 1872 520 1927 Christianae,
555 1873 721 1916 aliunde
751 1875 849 1916 satis
880 1875 1096 1933 cognitae,
1129 1875 1181 1916 sit
1215 1874 1447 1916 adversum.

294 1951 391 2004 Quo
410 1953 540 2011 magis
563 1953 792 1994 lectoribus
807 1952 1056 2011 persuadeat
1078 1952 1130 1995 de
1154 1951 1293 1995 divina
1315 1953 1532 2011 Evangelii

236 2030 508 2085 auctoritate,
528 2046 761 2089 eorumque
780 2033 947 2087 animis,
965 2047 1080 2086 eam,
1098 2047 1179 2089 qua
1197 2032 1402 2090 indigent,
1421 2033 1534 2090 quie-

236 2119 324 2150 tem
342 2109 512 2164 afferat,
537 2127 626 2153 non
644 2122 823 2165 tantum,
846 2126 951 2169 quae
972 2111 1024 2152 ab
1049 2111 1138 2152 aliis
1156 2111 1398 2168 propositae
1417 2121 1533 2165 sunt,

239 2186 531 2244 difficultates,
565 2205 715 2232 verum
737 2206 812 2232 suo
834 2191 962 2232 etiam
984 2190 1154 2248 ingenio
1177 2190 1431 2248 excogitatas
1459 2190 1535 2232 obn

236 2267 464 2322 jectiones,
496 2267 710 2325 solvit(1).
775 2268 1008 2326 Propterea
1037 2268 1192 2326 argutis
1225 2268 1537 2325 quaestionibus

240 2358 284 2386 se
314 2345 513 2388 intricare
547 2362 751 2404 nusquam
782 2346 942 2401 voluit,
980 2363 1029 2389 ea
1061 2357 1226 2389 tantum
1262 2362 1536 2405 proponens,

281 2595 334 2637 (l)
357 2594 431 2627 vid,
458 2596 498 2626 ad
523 2605 595 2628 tue.
623 2596 663 2637 1,
689 2598 722 2630 6.
754 2598 805 2628 13.
831 2598 889 2630 31.
917 2601 951 2629 et
977 2597 1119 2639 utraque
1145 2597 1281 2639 pagina.
