1711 3047
764 288 814 324 22

150 398 261 450 pretii
304 395 500 434 reddatur.
558 395 634 433 Sed
668 398 756 447 quia
791 412 867 435 non
897 398 1114 448 frequenter
1143 398 1230 436 talis
1277 398 1423 436 fundus

149 493 168 515 a
196 478 353 516 domino
380 478 421 514 in
447 477 728 529 Emphyteusin
753 478 1029 516 concedebitur
1045 508 1054 525 ‚
1093 493 1215 529 neque
1241 478 1312 516 hoc
1341 479 1419 516 ali-

148 559 243 610 quid
281 559 403 597 simile
429 559 543 596 habet
574 573 659 596 cum
687 559 883 610 primitiva
918 558 1222 610 Emphyteuseos
1254 569 1415 607 natura,

151 655 227 678 non
255 650 331 685 est,
359 649 400 677 ut
426 654 467 677 ea
493 639 541 677 de
568 653 606 676 re
633 640 798 691 amplius
826 639 1010 677 dicamus.

740 801 830 852 §a

207 967 329 1003 Potest
367 965 625 1016 Eulphyteuta
658 964 822 1001 fundum
864 965 1203 1016 Emphyteuticum
1229 965 1421 1002 servitum&

153 1047 223 1084 bus
255 1060 435 1097 gravare,
475 1043 616 1096 euml)
651 1044 818 1096 obligare
852 1044 913 1082 vel
946 1060 1183 1096 quocumque
1210 1046 1285 1082 alio
1311 1045 1424 1082 modo

150 1117 331 1165 alienare.
362 1126 405 1178 2)
444 1128 496 1165 Ut
509 1125 782 1164 aminadvertit
807 1125 1120 1177 Gesterding‚
1137 1124 1178 1177 3)
1208 1127 1277 1163 hoc
1295 1126 1424 1177 potius

151 1209 199 1247 de
219 1210 305 1259 jure
331 1224 423 1257 suo,
452 1208 555 1259 quod
581 1208 622 1244 in
653 1207 819 1244 fundum
850 1207 989 1254 habet,
1020 1206 1318 1257 intelligendum
1345 1215 1424 1254 est,

152 1300 306 1342 propter
344 1290 485 1328 verba:
515 1288 556 1339 4)
595 1303 612 1322 «
629 1288 695 1326 sed.
724 1298 759 1326 et
785 1288 815 1325 si
843 1302 920 1325 non
949 1287 1233 1339 municipibus,
1263 1287 1328 1325 sed
1356 1288 1423 1325 alii

158 1386 175 1404 «
195 1370 361 1409 fundum
388 1371 593 1422 legaverit,
624 1383 702 1407 non
717 1369 842 1408 videri
858 1369 1129 1421 proprietatem
1156 1370 1209 1406 rei
1238 1369 1397 1420 legatam
1414 1399 1423 1415 ‚

158 1467 174 1486 α
192 1452 257 1490 sed
289 1452 330 1489 id
346 1453 430 1501 jus,
451 1451 553 1501 quod
573 1451 614 1487 in
638 1450 890 1501 vectigalibus
909 1450 1043 1487 fundis
1063 1450 1268 1499 habemus3
1286 1467 1304 1486 »
1329 1464 1424 1500 quae

156 1533 412 1585 legislatorum
456 1541 670 1569 nostrorum
696 1545 844 1581 quoque
871 1532 1059 1568 sententia
1099 1532 1214 1569 fuisse
1243 1531 1397 1570 videtur
1414 1562 1423 1578 ‚

156 1625 197 1653 ut
236 1623 339 1666 patet
367 1628 412 1651 ex
441 1613 604 1650 articulo
645 1611 736 1650 771.
769 1611 861 1650 Cod.
893 1612 976 1650 Civ.
1007 1612 1137 1663 Belg.,
1181 1613 1247 1649 ubi
1289 1627 1425 1650 occur—

155 1694 245 1722 runt
274 1684 413 1721 verba:
450 1698 467 1716 «
485 1683 534 1733 hij
561 1683 592 1719 is
617 1682 789 1733 bevoegd
805 1712 815 1729 ‚
845 1696 904 1719 om
931 1683 1003 1733 zijn
1030 1692 1110 1733 regt
1138 1692 1174 1720 te
1202 1696 1422 1721 vervreem-

156 1767 245 1804 den.
264 1782 281 1801 n
328 1766 412 1803 Non
453 1765 569 1815 igitur
607 1763 891 1800 assentiendum
926 1764 1080 1801 videtur
1103 1765 1312 1801 sententiae
1338 1764 1372 1802 J.
1403 1780 1423 1801 a

155 1849 339 1894 costae,
368 1861 388 1884 a
409 1844 616 1883 Gl'uckio
641 1852 831 1896 receptae,
861 1844 1044 1882 dicentis:
1071 1846 1176 1883 «Die
1199 1845 1425 1883 Ausdriicke

161 1943 178 1962 «
196 1929 487 1966 meliorationes
503 1958 511 1974 ‚
540 1923 821 1979 ἐμπονηματα
834 1957 844 1974 ,
873 1927 953 1964 Jus
972 1926 1326 1977 Emphyteutz'cum
1342 1926 1423 1964 und

162 2026 179 2044 «
197 2011 537 2061 Emphyteumala
582 2010 704 2047 sollen
750 2009 878 2046 nichts
923 2008 1062 2046 anders
1076 2039 1084 2055 ‚
1121 2008 1177 2045 als
1217 2008 1284 2046 das
1322 2007 1423 2045 Erb-

161 2107 179 2125 «
197 2093 347 2143 zinsgut
372 2092 563 2130 andeuten
582 2121 592 2138 ,
623 2090 705 2128 und
730 2090 914 2127 heziehen
945 2090 1025 2127 sich
1054 2090 1214 2135 darauf,
1244 2089 1330 2127 dass
1362 2104 1423 2127 so-

204 2294 237 2336 1)
286 2297 331 2326 Cs.
365 2297 438 2326 Lex.
469 2294 509 2324 31
538 2296 609 2334 Dig.
640 2295 680 2325 de
706 2295 905 2334 Pignoribus
928 2298 961 2324 et
987 2294 1207 2334 Hypotheeis,
1233 2299 1266 2324 et
1293 2295 1365 2324 Lex.
1389 2293 1419 2323 1<

158 2359 230 2398 Dig.
247 2383 255 2398 ‚
277 2358 401 2398 quihus
421 2358 527 2388 modis
552 2358 762 2387 ususfructus
781 2357 959 2387 amittitur.

202 2419 235 2460 2)
284 2422 330 2451 Cf.
367 2420 591 2459 Warnkfiuig.
623 2429 742 2449 comm.
761 2420 849 2449 Torn.
874 2417 905 2448 1.
943 2418 1012 2449 lib.v
1028 2418 1072 2448 II.
1093 2429 1164 2459 cap.
1188 2417 1219 2448 3.
1243 2418 1259 2459 Q
1285 2417 1338 2448 11.
1369 2416 1421 2450 Cf.

159 2484 268 2515 Instit.
294 2483 334 2513 de
355 2484 464 2513 Locat.
489 2481 589 2513 Cond.
611 2482 627 2522 §S
651 2480 683 2512 3.
709 2485 743 2511 et
764 2481 894 2520 Gliick,
918 2481 1006 2510 Torn.
1030 2480 1061 2511 8.
1087 2491 1159 2521 pag.
1187 2479 1262 2510 400.
1290 2491 1359 2520 seq.

203 2543 236 2582 3)
285 2545 330 2575 Cs.
357 2545 578 2584 Gesterding,
605 2545 664 2585 Op.
691 2544 748 2574 cit.
776 2554 849 2584 pag.
876 2541 951 2572 421.

207 2604 238 2645 4)
287 2607 331 2637 Cf,
360 2608 391 2638 L.
418 2606 472 2637 71.
495 2607 511 2646 (x
535 2605 567 2636 6.
591 2606 662 2645 Dig.
689 2606 729 2635 de
758 2606 895 2644 Legati&
926 2604 953 2635 l.
