1711 3047
860 157 917 197 88

253 297 405 355 plicat,
453 312 493 338 e.
532 311 572 353 g.
609 309 663 337 ex
696 295 921 337 tibicinum
959 297 1194 353 praesentia
1235 309 1352 340 reete
1391 298 1555 357 colligit

256 374 385 415 filiam
416 388 502 415 esse
534 384 744 416 mortuam
775 388 937 415 MATTH.
958 374 1040 427 IX,
1072 374 1142 417 23.
1205 375 1417 418 Tibicines
1442 377 1554 418 enirn

254 466 345 493 non
377 451 520 494 adesse
548 453 759 505 solebant,
795 454 873 494 nisi
907 463 1045 494 morte
1068 466 1311 511 comperta,
1337 471 1464 512 quum
1487 471 1556 496 ex·-

257 530 422 586 sequias
462 535 548 586 jam
586 543 784 589 pararent
828 531 903 589 (1).
977 532 1113 572 Porro
1150 532 1293 574 locum
1336 535 1557 576 circumci-

259 608 388 649 sionis
420 619 463 650 et
491 610 561 665 qui
596 609 739 651 adesse
768 610 867 651 huic
892 611 992 651 ritui
1026 610 1219 652 solebant
1237 612 1448 666 homines,
1470 611 1557 653 eol-

257 686 351 744 ligit
370 702 420 728 ex
441 703 538 729 Luc.
557 688 590 741 I,
611 687 679 743 59.
703 687 834 742 ἦλθον
857 694 1078 744 περιτεμεῖν
1101 707 1137 731 κ.
1153 707 1189 731 τ.
1208 689 1264 742 L,
1288 699 1330 730 et
1345 689 1456 731 Sect.
1481 690 1554 732 60.

259 767 328 807 καὶ
349 771 375 820 η’
397 770 525 820 μήτηρ
551 763 661 810 εἶπεν
685 784 721 808 κ.
746 785 782 809 τ.
807 767 844 809 λ.
907 767 1044 808 »Hine
1068 777 1208 824 patet,
1241 767 1419 808 infantes
1442 766 1559 808 domi

259 843 554 898 »circumcidi‚
574 860 728 903 magno
747 846 968 886 hominum
988 856 1200 886 conventu
1217 845 1457 903 praesente’'
1473 844 1555 902 (2);

258 932 301 964 et
321 923 401 964 hac
428 924 746 981 opportunitate
775 925 878 965 olim
906 925 1080 965 nomina
1104 925 1154 965 iis
1183 924 1346 982 imponi
1372 922 1425 964 ad
1456 938 1555 965 Luc.

255 1000 320 1053 II,
356 1015 427 1042 21.
466 1000 542 1057 (3).
608 1002 865 1043 Consuetum
891 1001 935 1043 S.
965 1002 1095 1042 libros
1121 1001 1288 1059 legendi
1319 1016 1484 1042 morem
1513 998 1557 1041 in

256 1079 447 1120 coetibus
483 1079 727 1120 Christianis
761 1079 922 1120 indicat
955 1079 1007 1120 ad
1045 1080 1141 1120 Act.
1181 1079 1304 1131 XIII,
1351 1077 1418 1120 15.
1457 1081 1557 1133 μετὰ

257 1157 302 1198 δὲ
339 1160 413 1209 τὴν
449 1158 680 1208 ἀνάγνωσιν
718 1161 787 1200 τοῦ
824 1161 962 1210 νόμου.
1025 1157 1208 1197 »Omnes
1242 1156 1295 1197 ad
1329 1157 1558 1198 lectionem

258 1234 518 1290 »scripturae
548 1234 718 1278 fuerunt
751 1234 933 1275 admissi.
998 1234 1172 1286 Postea,
1206 1234 1276 1289 qui
1306 1232 1489 1274 docendi
1517 1244 1561 1274 et

258 1311 533 1352 »exhortandi
562 1313 694 1370 gratia
721 1312 965 1370 pollebant,
1000 1310 1205 1353 secundas
1234 1311 1448 1352 habebant
1467 1326 1560 1369 par-

257 1399 366 1443 ntes,
389 1400 602 1446 tamquam
625 1391 875 1447 interpretes
896 1391 1148 1447 scripturae,
1171 1405 1277 1445 quae
1295 1390 1405 1431 lecta
1424 1400 1512 1430 erat
1522 1388 1559 1443 ;’'

256 1468 465 1509 moeroris
490 1478 532 1508 et
553 1467 853 1525 indignationis
875 1478 997 1508 notas
1022 1469 1118 1509 Act.
1141 1467 1242 1510 XIV
1257 1500 1268 1521 ,
1301 1471 1367 1518 14.
1397 1469 1561 1524 διαῤῥή·

257 1548 402 1597 ξαντες
423 1550 472 1589 τὰ
497 1549 634 1600 ἱμάτια
655 1564 691 1589 κ.
709 1565 742 1589 τ.
760 1547 796 1588 λ.
816 1545 889 1603 (4).
926 1545 1091 1587 Iudicat
1109 1557 1352 1587 consuetam
1368 1545 1562 1588 sacerdo-

258 1636 349 1666 tum
366 1623 530 1678 sedem,
549 1624 748 1682 quamdiu
772 1625 815 1665 in
837 1627 919 1666 suis
942 1625 1099 1666 vicibus
1123 1635 1261 1678 erant,
1285 1640 1437 1682 nempe
1457 1635 1563 1666 tem«

256 1703 402 1760 plum,
436 1713 484 1743 ut
516 1702 660 1744 divino
695 1703 826 1744 cultui
861 1703 1027 1760 penitus
1058 1702 1216 1744 addicti
1251 1714 1406 1757 essent,
1436 1718 1563 1760 seque

256 1795 388 1838 puros
428 1790 469 1821 et
503 1780 711 1821 immunes
748 1781 800 1820 ab
844 1781 961 1820 omni
997 1780 1316 1835 inquinamento
1349 1790 1564 1821 servarent

261 1857 316 1898 ad
335 1873 433 1899 Luc.
458 1858 502 1910 I,
527 1857 598 1899 23.
662 1858 777 1898 Alibi
806 1856 966 1898 indicat
989 1857 1329 1914 superstitionem
1356 1857 1401 1897 in
1424 1857 1565 1898 multis

258 1935 543 1977 ablutionibus
570 1936 778 1993 positam,
814 1951 913 1977 Luc.
952 1935 1040 1988 XI,
1075 1935 1146 1977 33.
1185 1938 1414 1989 ἐθαύμασεν
1433 1937 1496 1977 ὅτι
1517 1936 1564 1978 οὐ

259 2016 422 2070 πρῶτον
447 2015 678 2071 ἐβαπτίσθη
704 2016 780 2068 πρὸ
799 2017 868 2056 τοῦ
895 2014 1058 2069 ἀρίστου
1082 2022 1123 2054 et
1150 2028 1351 2071 pompam
1375 2014 1420 2054 in
1440 2015 1565 2066 vasis,

265 2107 372 2150 quae
389 2093 505 2133 hisce
528 2092 812 2135 ablutionibus
831 2103 951 2134 erant
972 2091 1177 2136 destinata
1195 2107 1318 2136 JOAN.
1339 2093 1400 2147 lI,
1420 2093 1462 2135 6.
1477 2091 1537 2150 (5)
1549 2107 1562 2146 3

301 2287 354 2329 (l)
380 2289 441 2319 eff.
468 2297 574 2325 ΒΕΖΑ,
603 2297 793 2325 nsum-011,
828 2296 976 2318 enorme
1002 2289 1037 2318 et
1062 2297 1247 2318 murzscuz
1273 2287 1313 2318 ad
1338 2288 1373 2320 h.
1403 2288 1427 2319 l.

302 2344 354 2385 (2)
382 2341 450 2376 Cff.
478 2353 644 2374 rlsCAron
669 2343 710 2374 ad
736 2353 810 2375 Luc.
836 2343 894 2381 ΙΙ,
920 2343 976 2374 21.
1005 2345 1038 2372 ct
1065 2353 1212 2374 Gnorms
1238 2342 1280 2374 ad
1303 2343 1338 2373 h.
1364 2343 1388 2375 l.

306 2401 359 2441 (3)
384 2400 444 2430 eff.
473 2409 664 2436 rlscATon,
693 2409 843 2430 onorius
870 2402 905 2430 et
930 2408 1083 2430 Rumon.
1108 2400 1147 2429 ad
1172 2398 1208 2431 h.
1235 2399 1259 2429 l.

305 2455 358 2498 (4)
383 2455 445 2486 Cff.
464 2465 548 2485 nu
565 2455 604 2486 ad
620 2455 699 2488 Act.
717 2456 840 2495 XXVI,
857 2455 915 2488 65.
965 2455 1143 2494 Gnorms,
1168 2464 1320 2487 numum.
1336 2457 1370 2488 et
1386 2465 1419 2488 v.
1433 2466 1466 2487 1).
1482 2465 1568 2486 nm

386 2511 428 2542 ad
450 2511 484 2541 h.
507 2511 530 2542 1.

305 2568 359 2612 (5)
384 2569 434 2600 Cf.
463 2578 545 2599 ΒΗΑ
572 2567 612 2600 ad
636 2567 670 2599 h.
700 2567 723 2600 Ι.
