1711 3047
839 264 883 301 31

234 386 318 423 tur,
351 389 428 413 esse
460 375 538 414 dici
581 376 697 428 possit
736 373 905 412 studium
945 373 1046 411 illud
1083 372 1310 412 meliorandi
1337 383 1373 411 et
1404 382 1503 411 certe

234 471 310 495 non
339 457 567 505 minuendi,
602 455 705 508 quod
731 454 781 493 ad
807 454 950 493 fundos
972 456 1051 505 jam
1078 455 1224 493 fertiles
1245 465 1282 493 et
1303 456 1506 507 frugiferos

230 540 392 587 attinet,
419 548 717 577 consentaneum
743 547 798 575 est
824 537 936 575 etiam
951 567 961 584 ,
998 537 1098 574 inter
1121 537 1242 589 prima
1271 537 1504 589 Emphyteu-

232 630 293 658 tae
326 620 450 659 officia
487 621 673 659 recenseri
706 620 813 657 illam
841 619 1140 671 obligationem,
1164 617 1330 656 fundum
1358 619 1409 656 ita
1439 633 1505 656 co—

233 703 339 741 lendi
359 734 366 747 ‚
408 718 454 740 ne
482 702 646 740 deterior
669 702 745 739 fiat.
804 701 899 739 Inde
923 701 1050 738 omnia
1075 700 1167 738 talia
1188 700 1312 737 facere
1336 700 1504 752 Emphy-

232 795 355 823 teutae
385 784 634 823 interdictum
660 794 732 831 est,
757 783 897 834 quibus
924 782 1072 835 praedii
1100 782 1265 834 pretium
1289 781 1505 823 diminuere

233 867 372 918 possit,
396 867 469 902 nisi
498 867 539 903 in
566 865 781 917 periculum
810 867 1003 902 incurrere
1033 863 1152 910 velit,
1191 872 1230 900 ut
1258 862 1306 899 ab
1333 877 1375 901 eo
1403 863 1506 912 deji-

231 948 379 993 ciatur,
406 960 521 996 quare
549 947 661 983 etiam
688 946 798 983 nullo
821 945 932 982 modo
953 946 986 981 ei
1016 944 1105 981 licet
1133 953 1272 981 terram
1299 943 1503 981 combusti-

231 1027 306 1065 lem
345 1026 532 1074 effodere,
557 1036 630 1077 ¹aut
664 1025 967 1064 metallifodinas
1003 1026 1203 1062 instituere
1232 1033 1267 1061 et
1295 1024 1407 1076 plura
1429 1024 1505 1062 alia

229 1109 370 1147 similia
410 1109 546 1146 facere.
605 1108 746 1146 Saltem
780 1107 821 1145 id
860 1122 879 1144 a
914 1106 1168 1158 scriptoribus
1207 1105 1507 1157 praescribitur,

230 1205 353 1242 neque
406 1200 562 1229 naturae
612 1199 828 1228 contractus
885 1188 1173 1241 Emphyteutici
1227 1187 1508 1225 inconveniens

227 1272 538 1311 existimandum.
572 1271 609 1325 l)
664 1272 725 1310 Sic
750 1272 909 1323 legimus
934 1269 1038 1323 apud
1065 1269 1280 1308 Grotium
1297 1284 1303 1305 :
1323 1267 1363 1320 2)
1395 1268 1506 1307 «den

233 1354 483 1407 «ei-spachter
522 1363 620 1392 moet
661 1364 725 1392 ten
758 1353 884 1404 zijnen
923 1353 1058 1390 kosten
1096 1352 1160 1389 het
1197 1351 1293 1403 goed
1319 1351 1361 1389 in
1389 1350 1506 1403 goede

232 1452 249 1470 (ι
268 1450 401 1487 vvcgen
452 1435 733 1474 onderhouden
750 1451 785 1473 ».
844 1435 890 1472 In
943 1434 1066 1472 Frisia
1114 1433 1215 1471 idem
1262 1432 1505 1471 observatum

228 1519 345 1555 fuisse
369 1517 644 1556 animadvertit
672 1516 843 1554 Huber.
875 1514 915 1567 3)
945 1516 1099 1562 Postea,
1125 1514 1264 1553 Codice
1291 1514 1506 1567 Napoleon-

229 1601 304 1637 tico
321 1629 328 1642 ,
360 1600 490 1649 Regno
519 1598 756 1636 Hollandiae
790 1597 990 1649 adoptato,
1013 1595 1052 1647 4)
1079 1597 1191 1633 etiam
1226 1605 1380 1634 cautum
1405 1606 1506 1645 erat,

228 1695 274 1718 ne
304 1680 560 1731 Emphyteuta
586 1679 709 1717 fundo
735 1679 967 1717 abuteretur.
1010 1677 1183 1715 Tandem
1211 1692 1314 1715 nunc
1342 1678 1444 1716 idem
1470 1679 1503 1715 ei

227 1762 506 1814 praescriptum
527 1775 603 1798 esse
630 1770 787 1813 apparet
815 1775 860 1798 ex
884 1760 1012 1799 verbis
1028 1758 1090 1810 5):
1127 1759 1206 1797 «de
1233 1760 1449 1812 erspachter
1475 1761 1506 1798 is

227 1843 393 1896 verpligt
433 1843 495 1880 het
532 1844 571 1881 in
611 1844 786 1895 erfpaeht
822 1843 1046 1894 uitgegeven
1086 1842 1181 1893 goed
1220 1851 1255 1879 te
1282 1841 1505 1879 onderhou-

226 1926 335 1964 den»
357 1957 366 1973 ,
403 1935 438 1963 et
478 1925 591 1962 etiam
633 1939 679 1962 ex
719 1924 882 1962 articulo
904 1923 1006 1971 768,
1037 1923 1101 1961 ubi
1130 1924 1163 1961 ei
1192 1924 1336 1961 vetitur
1364 1933 1502 1961 terram

227 2008 402 2054 fictilem,
443 2006 659 2056 similiaque
699 2006 881 2053 effodere,
931 2006 1004 2043 nisi
1047 2005 1144 2043 alius
1177 2007 1256 2055 jam
1295 2004 1501 2042 effodiendi

226 2090 380 2126 initium
408 2088 566 2134 fecerit,
593 2096 797 2137 antequam
819 2089 883 2137 jus
910 2100 1018 2124 suum
1045 2087 1270 2136 acquireret.

272 2317 304 2357 1)
355 2316 404 2349 Cf.
434 2317 541 2356 Voet,
568 2316 594 2346 si
617 2326 697 2356 ager
724 2320 810 2347 vect.
837 2316 853 2358 ᾗ
878 2315 932 2348 11.
957 2317 1003 2348 Cf.
1030 2316 1176 2347 Gliick.
1203 2316 1219 2358 ᾗ
1244 2314 1322 2349 604.

272 2378 305 2420 2)
355 2380 401 2411 Cs.
427 2380 473 2410 De
499 2379 622 2419 Groot,
649 2377 679 2409 2.
707 2379 816 2419 Boek,
843 2377 897 2409 40.
924 2379 1010 2411 deel.
1036 2379 1052 2420 ᾗ
1076 2378 1107 2410 9.

273 2440 305 2482 3)
355 2442 486 2482 Huber,
513 2441 794 2481 Hedendaagsche
820 2441 1163 2481 Rechtsgeleerdheid
1180 2466 1189 2481 ‚
1214 2452 1294 2472 voce
1312 2441 1476 2482 erfpacht.

274 2503 306 2544 4)
355 2504 524 2534 Wetboek
550 2504 664 2546 Napol.
692 2515 772 2535 voor
797 2504 950 2535 Holland.
977 2507 1039 2535 art.
1067 2503 1168 2535 1565.

275 2566 308 2606 5)
357 2567 429 2597 Art.
455 2565 532 2597 770.
559 2567 638 2598 cod.
666 2565 738 2599 Civ.
764 2566 856 2605 Belg.
