1711 3047
320 309 505 337 CALVINUS.

265 425 321 460 5¹².
381 428 417 458 et
473 424 633 457 tenebrae

223 498 294 520 eam
320 498 388 519 non
411 487 634 530 comprehen-

223 550 361 583 derunt.

266 611 301 642 6.
326 609 403 642 Fuit
425 609 526 640 homo
551 608 632 640 mis-

221 682 278 704 sus
312 683 331 703 a
363 671 457 709 Deo,
484 671 540 702 cui
566 680 630 700 no-

221 741 298 763 men
320 732 482 762 Joannes.

266 791 302 825 7.
357 791 417 822 Hic
460 791 554 822 venit
597 790 632 821 in

220 852 450 885 testimonium
464 873 473 890 ,
500 853 539 882 ut
562 854 632 882 tes-

220 913 408 945 tificaretur
428 913 469 944 de
483 912 632 945 lumine=

219 977 260 1006 ut
306 984 422 1006 omnes
454 973 633 1006 crederent

220 1045 282 1078 per
307 1045 396 1068 eum.

267 1095 347 1127 Act.
368 1095 398 1126 1.
427 1093 458 1126 1.
481 1093 632 1125 Priorem

221 1155 358 1196 quidem
373 1163 559 1185 sermonem
570 1153 633 1184 ha-

223 1213 376 1252 buimus,
400 1224 419 1244 o
434 1212 632 1254 Theophile,

223 1275 265 1307 de
273 1274 440 1313 omnibus,
453 1284 539 1314 quae
552 1283 633 1304 coe·

221 1335 274 1378 pit
308 1335 406 1366 Jesus
449 1334 562 1365 facere
597 1335 633 1364 et

223 1394 369 1432 docere,

267 1455 302 1486 2.
339 1453 382 1485 ad
419 1463 494 1484 eum
528 1462 636 1492 usque

222 1514 330 1553 diem,
347 1523 415 1554 quo
427 1534 437 1551 ,
456 1514 632 1555 postquam

221 1575 376 1607 mandata
388 1584 447 1617 per
457 1584 509 1615 sp.
529 1583 556 1604 s.
572 1572 633 1604 de-

222 1636 328 1668 disset
339 1634 529 1677 Apostolis,
547 1643 632 1673 quos

224 1697 395 1738 elegerat,
425 1705 556 1726 sursum
578 1703 633 1726 as-

224 1761 378 1800 sumptus
404 1757 468 1788 est.

270 1878 306 1909 9.
331 1876 444 1917 Atque
469 1874 555 1905 haec
582 1873 634 1904 lo-

224 1939 368 1979 quutus,
387 1935 581 1968 videntibus
593 1934 634 1965 il-

201 1997 286 2045 ,¹3⁵2
325 1998 360 2028 in
392 1997 498 2028 altum
521 1994 636 2026 subla-

225 2058 281 2088 tus
305 2059 373 2089 est:
390 2059 426 2088 et
436 2055 542 2088 nubes
556 2054 638 2086 sub-

225 2116 321 2148 duxit
342 2117 438 2149 illum
461 2116 502 2148 ab
528 2116 636 2148 oculis

227 2187 357 2210 eorum.

853 158 909 199 46

798 310 966 334 ERASMUS.

678 428 715 457 et
748 424 907 456 tenebrae
927 435 998 457 eam
1019 436 1088 457 non

681 487 977 530 apprehenderunt

725 608 804 640 Erat
839 608 940 640 homo
971 608 1089 641 missus

676 679 695 700 a
741 670 834 708 Deo,
874 669 931 701 cui
963 680 1087 702 nomen

677 729 864 762 Johannes.

722 790 784 821 Hic
808 790 902 822 venit
924 790 965 822 ad
988 791 1087 823 testi-

678 850 870 889 ficandum,
908 853 949 881 ut
981 854 1089 883 testa-

679 913 773 943 retur
817 911 859 942 de
901 911 1002 950 luce,
1049 914 1090 943 ut

678 982 792 1003 onmes
825 971 1003 1003 crederent
1028 983 1088 1015 per

678 1033 799 1075 ipsum.

724 1091 900 1133 superiore
951 1091 1088 1131 quidem

679 1151 848 1182 volumine
911 1151 1053 1182 diximus
1079 1173 1089 1190 ,

682 1211 889 1252 Theophile,
916 1210 958 1241 de
981 1211 1091 1241 omni-

679 1271 755 1310 bus,
770 1282 856 1312 quae
868 1272 982 1313 coepit
992 1272 1091 1303 Jesus

680 1334 751 1363 tum
760 1332 880 1369 facere,
889 1334 959 1362 tum
968 1331 1091 1363 docere

682 1450 724 1481 ad
747 1460 823 1481 eum
847 1459 955 1490 usque
979 1449 1090 1488 diem,

679 1520 746 1551 quo
766 1511 943 1552 postquam
963 1509 1088 1551 imper-

681 1572 765 1602 titus
809 1570 845 1601 in
880 1570 947 1601 hoc
981 1571 1089 1612 ipsum

678 1643 728 1674 sp.
753 1642 781 1664 s.
802 1631 958 1662 mandata
977 1631 1089 1663 dedis-

680 1695 756 1731 set,
782 1702 868 1732 quos
891 1691 1086 1732 delegeret,

681 1752 867 1794 Apostolis,
888 1762 1018 1783 sursum
1033 1763 1090 1784 as-

679 1815 832 1854 sumptus
846 1813 909 1844 est.

728 1873 841 1913 Atque
875 1871 960 1903 haec
992 1871 1091 1903 locu-

682 1935 758 1971 tus,
798 1931 989 1964 videntibus
1032 1932 1091 1963 iis-

683 1993 758 2024 dem
772 2014 781 2031 ,
809 1992 843 2023 in
860 1992 965 2023 altum
977 1991 1092 2023 subla-

684 2056 740 2085 tus
755 2055 827 2085 est:
844 2055 878 2084 et
893 2052 999 2084 nubes
1009 2052 1090 2084 sub-

682 2115 778 2146 duxit
804 2114 899 2146 illum
921 2113 963 2145 ab
985 2113 1094 2145 oculis

683 2184 812 2206 eorums

1244 300 1428 353 Vulgata.

1134 429 1169 460 et
1190 429 1350 462 tenebrae
1375 440 1447 463 eam
1473 439 1542 462 non

1136 492 1477 534 comprehenderunt.

1179 609 1258 642 Fuit
1289 611 1390 643 homo
1425 611 1544 644 missus

1132 680 1152 701 a
1190 671 1259 702 Deo
1276 693 1286 710 ‚
1332 673 1388 704 cui
1420 683 1543 706 nomen

1134 733 1206 762 erat
1228 731 1414 765 Johannes.

1178 793 1241 824 Hic
1267 793 1360 825 venit
1386 793 1420 824 in
1445 793 1544 825 testi-

1134 853 1284 885 monium
1297 875 1306 892 ‚
1330 856 1369 884 ut
1389 841 1545 885 testimo-

1134 913 1226 945 nium
1269 913 1464 956 perhiberet
1500 912 1545 946 de

1133 973 1260 1005 lumine
1278 996 1288 1012 ‚
1340 977 1380 1005 ut
1427 984 1544 1005 omnes

1135 1031 1315 1064 crederent
1340 1044 1400 1076 per
1422 1034 1532 1066 inum.

1176 1093 1321 1125 Primum
1331 1093 1465 1134 quidem
1473 1103 1545 1125 ser—

1137 1163 1270 1184 monem
1291 1154 1357 1184 seci
1377 1153 1418 1185 de
1437 1153 1547 1185 omni·

1137 1211 1211 1249 hus,
1222 1213 1446 1255 oTheophile,
1461 1223 1548 1253 quae

1136 1273 1250 1315 coepit
1271 1274 1368 1305 Jesus
1384 1274 1496 1306 facere
1512 1276 1550 1305 et

1137 1332 1260 1365 docere

1139 1459 1247 1490 usque
1279 1452 1314 1482 in
1339 1451 1452 1492 diem,
1478 1462 1546 1493 qua

1135 1511 1345 1553 praecipiens
1376 1512 1548 1553 Apostolis

1136 1582 1195 1613 per
1206 1581 1256 1613 sp.
1266 1582 1311 1610 s.‚
1323 1581 1408 1612 quos
1419 1571 1544 1613 elegit,

1138 1635 1330 1675 assumptus
1352 1635 1419 1666 est.

1184 1870 1225 1902 Et
1246 1881 1320 1903 cum
1346 1870 1429 1902 haec
1444 1870 1546 1904 dixis-

1137 1933 1212 1969 set,
1239 1930 1433 1962 videntibus
1454 1931 1521 1961 illis
1535 1951 1546 1969 ,

1140 1991 1290 2023 elevatus
1322 1993 1395 2029 est,
1422 1993 1458 2022 et
1481 2001 1549 2023 nu-

1137 2051 1197 2084 bes
1229 2052 1378 2093 suscepit
1403 2062 1481 2084 eum
1505 2050 1548 2082 ab

1141 2113 1249 2145 oculis
1268 2122 1396 2145 eornm.

294 2307 378 2350 Sed
407 2308 512 2350 haec
540 2306 773 2360 sufficiant,
809 2305 965 2363 quippe
996 2319 1102 2362 quae
1134 2302 1301 2346 abunde
1331 2302 1540 2361 probant,

236 2386 355 2444 quod
384 2387 464 2429 hac
496 2385 549 2428 de
579 2402 625 2428 re
657 2385 757 2428 dixi.

768 2524 1012 2545 „ww-
