1711 3047
859 170 886 209 2

229 322 364 364 tores,
406 306 731 351 commentarios
766 321 964 359 cALvmx,
1000 306 1068 362 qui
1101 317 1279 361 exstant,
1314 309 1355 349 in
1394 308 1525 349 libros

232 390 288 432 N.
334 388 385 429 T.
435 385 496 443 (ι)
538 383 677 426 denuo
716 385 826 442 typis
863 382 1052 425 mandari
1095 396 1136 426 et
1170 401 1252 442 quo
1287 386 1448 428 facilius
1482 386 1527 426 in

233 467 424 510 omnium
449 480 595 506 manus
626 463 914 521 pervenirent,
945 463 1072 520 parva
1101 465 1259 505 summ-⁰³
1295 465 1437 506 venire
1459 479 1530 505 cu-

233 546 341 588 ravit
371 544 447 601 (2).
510 544 699 598 Uterque
730 542 810 583 suis
838 543 881 582 in
911 556 1087 583 JoANNJS
1115 541 1384 599 Evangelium
1417 558 1532 583 com-

1468 620 1536 678 gia

236 701 351 760 apud
394 717 488 743 eum
527 699 726 752 inveniri,
772 697 937 739 abunde
976 696 1265 755 probaverint.
1329 696 1455 748 Quod
1492 698 1536 737 hi

234 623 471 675 mentariis,
498 636 671 662 CALVINI
698 620 845 661 labore
870 635 964 660 usus
985 629 1065 671 est,
1090 618 1148 659 ita
1164 629 1210 659 ut
1225 619 1354 660 multa
1370 636 1465 678 egre

240 779 450 823 duumviri
480 777 532 819 de
562 776 874 819 commentariis
915 776 960 816 in
1002 775 1275 833 Evangelium
1305 775 1540 815 Jodnneum

239 860 456 911 fecerunt,
491 856 535 897 id
572 855 623 897 de
661 855 856 896 omnibus
891 855 977 909 ejus
1007 854 1051 894 in
1078 853 1133 895 N.
1166 853 1216 894 T.
1251 852 1381 894 libros
1410 852 1540 893 histo-

240 936 353 976 ricos
402 933 714 974 commentariis
748 946 973 987 peragere,
1017 931 1201 986 primum
1235 929 1404 985 quidem
1439 930 1542 970 mihi

239 1026 564 1070 proposueram,
598 1009 716 1050 lectis
748 1023 849 1049 vero
884 1008 1014 1048 nostri
1041 1008 1375 1060 commentariis,
1411 1007 1544 1048 consi-

241 1089 345 1131 lium
388 1087 582 1129 nonnihil
633 1086 807 1127 mutavi.
887 1086 1085 1143 Congessi
1137 1086 1249 1126 enim
1299 1086 1344 1125 in
1385 1100 1540 1137 unum,

242 1181 349 1223 quae
390 1180 574 1206 CALVINO
615 1174 711 1204 sunt
746 1164 867 1219 priva
901 1173 942 1202 et
980 1162 1180 1218 propria,
1216 1171 1342 1216 atque
1373 1161 1431 1201 ita
1461 1161 1546 1202 fac-

241 1253 330 1282 tum
358 1251 442 1292 est,
477 1250 523 1279 ut
548 1237 922 1294 contemplandum
950 1238 1053 1279 mihi
1078 1238 1295 1278 sumserim
1323 1253 1544 1281 CALVINUM

243 1317 442 1359 librorum
471 1317 529 1358 N.
571 1317 621 1357 T.
662 1315 953 1356 historicorum
984 1321 1264 1373 interpretem.
1329 1316 1425 1369 Quo
1456 1332 1543 1358 me·

240 1395 321 1437 lius
369 1405 509 1435 autem
554 1394 637 1435 hoc
686 1394 909 1435 consilium
951 1393 1004 1435 ad
1046 1395 1202 1435 exitum
1239 1394 1541 1448 adduceretur,

249 1473 468 1525 constitui,
500 1472 685 1530 singula,
719 1470 771 1512 ad
798 1487 902 1528 quae
927 1471 1142 1514 attendere
1167 1473 1351 1514 animum
1375 1484 1546 1531 oportet

243 1552 542 1609 interpretem,
588 1551 632 1591 in
678 1549 857 1591 totidem
905 1550 1051 1591 classes
1095 1549 1308 1608 redigere,
1355 1561 1402 1591 ut
1441 1566 1547 1607 quae

244 1630 360 1671 bona
406 1629 473 1670 vel
519 1629 655 1669 minus
695 1629 812 1669 bona
853 1638 996 1669 noster
1034 1629 1213 1681 habeat,
1265 1628 1459 1671 distincte
1505 1640 1548 1671 et

242 1705 480 1748 luculenter
512 1703 734 1746 traderem.

309 1784 426 1841 Opus
461 1781 629 1839 quidem
666 1781 913 1840 aggredior,
953 1798 1033 1840 pro
1063 1784 1213 1824 virium
1238 1785 1547 1841 imbecillitate,

249 1861 568 1914 difficillimum,
602 1861 756 1901 utilitas
785 1876 911 1914 ver0,
944 1876 1066 1917 quam
1098 1877 1148 1903 ex
1171 1862 1316 1905 labore
1337 1864 1425 1921 ipse
1450 1881 1547 1907 meo

249 1955 421 1993 possum
460 1939 703 1997 percipere,
752 1950 842 1980 tum
884 1954 986 1980 vero
1031 1940 1157 1981 etiam
1203 1956 1296 1998 spes
1343 1942 1456 1996 fore,
1502 1954 1549 1984 ut

251 2020 393 2078 plures
434 2028 694 2077 cognoscant
736 2032 956 2060 cALVINnM
1000 2018 1207 2060 librorum
1243 2035 1459 2062 sacrorum
1490 2021 1551 2062 in-

253 2108 483 2156 terpretem
500 2129 511 2151 ,
546 2096 816 2154 debitumque
851 2096 913 2138 illi
952 2097 1139 2139 tribuant
1169 2098 1401 2153 honorem,
1444 2100 1553 2141 exci-

256 2177 402 2218 tabunt
434 2190 550 2217 meas
578 2176 623 2216 in
655 2190 785 2233 opere
815 2174 1082 2233 suscipiendo
1112 2176 1242 2230 vires,
1273 2176 1553 2235 ardoremque

246 2298 416 2306 ,ν--ψηᾳη
437 2298 458 2299 ⁷7
470 2298 513 2299 „77

299 2356 350 2399 (l)
378 2357 551 2387 Caunus
579 2356 840 2387 Commentarios
863 2355 977 2395 dedit,
1015 2356 1048 2387 in
1076 2366 1191 2388 omnes
1218 2358 1256 2389 N.
1279 2358 1314 2390 T.
1344 2358 1467 2398 libros,
1502 2370 1559 2391 ex-

379 2411 487 2453 ceptis
509 2411 657 2442 secunda
684 2415 719 2442 et
747 2412 846 2442 tertia
870 2412 1019 2443 Joannea
1043 2412 1190 2454 Epistola
1210 2416 1244 2444 et
1267 2415 1483 2456 Apocalypsi.

298 2467 350 2511 (2)
374 2467 520 2499 Berolini
547 2466 636 2508 apnd
663 2467 705 2500 G.
734 2467 880 2500 Eichler.
912 2467 998 2498 1833
1015 2490 1024 2506 ,
1051 2468 1143 2500 Tom.
1172 2467 1257 2507 v11,
1285 2469 1336 2501 8⁰.
1386 2471 1552 2508 Cnvnu,

381 2522 644 2554 Commentarios
658 2522 690 2553 in
700 2521 775 2554 vet.
787 2523 824 2556 T.
841 2522 945 2554 libros
957 2522 1067 2554 denuo
1082 2522 1180 2554 edere
1194 2522 1227 2553 in
1242 2523 1352 2555 lucem
1367 2524 1496 2567 incepit
1509 2525 1559 2557 Cl.

386 2589 668 2613 amnesamnes.
684 2579 887 2612 Prodierunt
899 2579 966 2610 huo
980 2588 1087 2619 usque
1100 2580 1329 2611 commentarii
1343 2580 1377 2612 in
1394 2580 1559 2613 Genesin.
