1711 3047
649 681 845 748 PARS
883 682 990 746 lv.

160 845 218 879 DE
232 843 422 880 CALVINI
438 842 651 886 INGENIO,
665 841 823 885 ANIMO,
837 840 1014 876 LINGUA
1026 839 1083 874 ΕΤ
1100 840 1254 883 STYLO,
1269 839 1469 876 RATIONE

220 910 391 946 HABITA
413 909 637 952 CONSILH,
663 907 783 954 QUOD
805 908 892 942 SIBI
912 907 960 941 IN
977 907 1110 941 IIISCE
1138 906 1416 942 COMMENTA-

473 975 562 1011 RIIS
586 974 854 1010 SCRIBENDIS
880 972 1145 1008 PROPOSUIT.

285 1385 462 1451 Relatis
489 1407 632 1466 igitur,
668 1422 774 1464 quae
804 1408 1013 1465 praestitit
1036 1422 1245 1451 CALleth
1272 1410 1315 1452 in
1344 1411 1474 1454 inter-

166 1487 385 1548 pretandis
416 1487 627 1528 historicis
660 1486 715 1528 N.
751 1486 802 1529 Τ.
842 1486 983 1540 libris,
1023 1498 1176 1542 restat,
1211 1499 1257 1530 ut
1285 1489 1474 1534 dicamus

168 1567 223 1610 de
246 1570 333 1624 ejus
354 1566 512 1624 ingenii
536 1565 807 1607 facultatibus
830 1566 1042 1623 animique
1066 1566 1250 1611 dotibus.
1299 1569 1473 1613 Verum-

167 1658 310 1689 tamen
326 1677 338 1700 ,
365 1661 418 1687 ne
441 1646 531 1702 quis
552 1655 690 1702 putet,
713 1646 846 1686 nostri
866 1646 1154 1688 characterem
1179 1648 1248 1689 hic
1272 1647 1475 1706 describi,

168 1725 238 1768 vel
261 1740 410 1767 omnes
436 1725 614 1766 omnino
640 1724 768 1765 animi
795 1725 881 1779 ejus
903 1724 1010 1766 vires
1034 1737 1229 1768 accurate
1252 1730 1476 1773 recenseri.

168 1803 288 1845 Haec
318 1817 455 1858 neque
486 1811 634 1842 nostro
664 1800 872 1857 quadrant
905 1817 1038 1859 scopo
1064 1814 1107 1844 et
1136 1804 1238 1845 alibi
1265 1805 1477 1865 descripta

168 1881 456 1922 inveniuntur.
508 1878 761 1936 Praecipuas
782 1889 946 1921 tantum
967 1880 1127 1938 ingenii
1148 1882 1368 1926 facultates
1392 1887 1480 1928 ani-

170 1960 312 2015 mique
350 1958 626 2011 affectiones,
670 1973 770 2015 quas
810 1958 856 1999 in
891 1952 1008 2001 hisce
1043 1961 1210 2018 scriptis
1253 1966 1477 2023 exegeticis

169 2036 431 2090 manifestat,
473 2045 515 2078 et
558 2051 664 2092 quae
695 2051 798 2093 prae
823 2037 1002 2078 caeteris
1033 2050 1128 2079 sunt
1160 2040 1366 2099 insignes,
1408 2044 1478 2087 vel

169 2113 400 2157 laudandas
443 2114 561 2168 illas,
602 2113 670 2155 vel
715 2115 853 2156 minus
890 2115 1150 2170 laudabiles,
1197 2135 1276 2176 pro
1324 2122 1478 2164 viribus

169 2205 341 2248 notare,
365 2196 508 2250 juvat3
543 2193 690 2251 quibus
713 2192 866 2236 addam
897 2196 1101 2239 nonnulla
1118 2196 1172 2240 de
1197 2214 1372 2243 CALVINI
1397 2200 1478 2242 lin-

168 2289 251 2332 gua
267 2284 310 2315 et
324 2273 459 2331 stylo,
491 2273 656 2315 ratione
675 2273 820 2315 habita
843 2274 1032 2330 consilii,
1069 2276 1184 2334 quod
1206 2279 1284 2320 sibi
1307 2279 1351 2320 in
1373 2295 1477 2322 con-

170 2351 406 2396 scribendis
419 2352 734 2396 commentariis
744 2354 982 2412 proposuit.
1007 2355 1072 2398 De
1082 2356 1253 2415 singulis
1263 2357 1478 2402 videamus

795 2524 935 2542 *-
